2908 4712
610 321 869 434 ,fw-

274 535 353 620 ἱερὸν
372 533 578 606 Ἀπόλλωνος,
625 533 673 592 Ad
697 547 785 606 quem
808 529 927 605 quidem
951 529 1122 590 Aristarchi
1141 531 1269 608 explica-

273 631 383 687 tionem
411 626 567 684 scholiasta
591 623 630 682 ad
653 623 698 682 El
723 641 751 680 v.
777 625 805 680 6.
824 621 923 698 procui
944 620 1033 679 dubio
1052 623 1188 700 respicit,
1217 625 1270 684 uhi

186 787 190 796 ‚
272 720 353 776 vocis
383 714 573 786 Λυκοιιτόιος
603 713 699 771 varias
729 713 814 770 affert
846 715 979 769 veterum
1015 715 1269 784 grammaticorum

272 808 528 882 interpretationes
557 807 591 860 ut
617 820 677 861 non
704 804 821 861 dubites
846 803 992 874 integrum
1018 797 1160 860 scholium
1183 806 1232 862 vel
1249 823 1269 862 a

210 905 214 912 '
271 900 398 971 Didymo
417 916 482 956 esse
500 897 702 970 conscriptum.
718 927 759 939 -
770 896 851 962 Quae
871 897 970 950 tamen
988 893 1086 950 omnia
1103 895 1269 954 critiearum

272 990 435 1048 Aristarchi
460 1003 594 1046 curarum
617 989 748 1061 proiecto
771 1002 832 1042 non
856 987 923 1041 sunt
947 984 1116 1062 specimina.
1153 986 1193 1042 At
1213 1002 1268 1058 po·

272 1081 409 1136 steriores
438 1079 554 1136 demum
578 1077 773 1153 grammatici,
806 1075 883 1151 quod
911 1077 973 1130 tam
999 1090 1092 1148 pauca
1114 1075 1269 1134 nobiscnm

272 1185 311 1228 ex
339 1170 501 1226 Aristarchi
532 1167 636 1226 studiis
667 1168 797 1239 Tragicis
826 1165 1080 1241 communicarint,
1110 1166 1267 1282 repreheu·

272 1258 361 1316 dendi
380 1263 457 1317 sunt.
477 1289 516 1302 -
543 1325 545 1330 ¹

346 1349 428 1408 Idem
447 1349 571 1424 denique
589 1349 803 1424 Harpocration
821 1347 859 1406 ad
876 1347 1047 1423 Euripidem
1065 1363 1180 1420 quoque
1199 1348 1266 1404 Ari·

272 1439 380 1496 starchi
414 1441 634 1498 commentarios
669 1441 803 1497 extitisse
838 1437 966 1495 ostendit
1001 1456 1025 1495 s
1054 1432 1267 1498 διικαιδαιιισιι

271 1527 289 1600 ἡ
308 1525 466 1606 μεταφορὰ
485 1527 552 1600 ἤτοι
572 1527 633 1586 ἀπὸ
653 1529 713 1588 τῶν
731 1527 967 1610 περιπιλοιιιταιι
986 1523 1040 1588 oris
1057 1523 1179 1590 κώδωσι
1196 1546 1266 1586 roa-

271 1614 322 1688 τὰς
341 1614 393 1688 τὰς
413 1617 560 1696 φυλακάς,
585 1615 749 1724 Εὐριπίδης
767 1613 1005 1724 Παλαμήδει,
987 1639 1004 1691 η
1028 1613 1088 1675 ἀπὸ
1107 1617 1168 1676 suiv
1186 1611 1266 1674 δαιιι·

226 1726 230 1732 ·
269 1704 424 1783 μαζόντωι
442 1707 495 1779 τὰς
512 1703 698 1786 μαχίμους
680 1729 808 1796 οριιιγας
825 1707 869 1767 roi
893 1706 954 1786 ἤχῳ
973 1707 1024 1781 τῆς
1048 1701 1199 1778 κώδωνος,
1225 1725 1268 1776 αις
1285 1775 1290 1782 ,

266 1795 480 1878 Αρισταρχος.
516 1801 562 1860 Ne
583 1800 648 1875 quis
667 1768 868 1859 Aristarchum
885 1802 1043 1871 Tegeatam
1060 1803 1178 1874 poetam
1195 1799 1266 1855 'ira-

271 1890 367 1962 gicum
384 1890 534 1950 laudatum
552 1909 617 1950 esse
636 1893 758 1969 putet,
749 1909 815 1966 ipsa
831 1895 912 1950 vetat
929 1891 1067 1964 loquendi
1085 1891 1171 1966 ratio,
1191 1904 1266 1962 quae
1325 1914 1329 1922 ·

271 1981 400 2054 alioquin
430 1983 554 2040 altemm
590 1981 632 2052 αις
662 1986 730 2038 ante
761 1981 836 2062 Εὐρ,
866 1976 1050 2056 Παλαμήδει
1078 1980 1264 2054 postulasset.

269 2071 354 2127 Nunc
378 2087 449 2128 vero
474 2076 525 2129 aut
549 2072 662 2130 uncinis
687 2072 863 2130 includenda
888 2071 979 2129 verba
998 2073 1081 2147 sunt,
1107 2074 1141 2128 ιιι
1159 2068 1266 2141 signiti-

158 2195 163 2206 ι
270 2165 337 2218 cent
355 2161 432 2218 unde
459 2168 553 2234 sumta
577 2179 636 2221 vox
660 2157 856 2220 διικιιδιιιιισε
875 2164 929 2235 ιιι,
958 2165 1009 2217 aut
1027 2161 1161 2235 omnino,
1188 2157 1267 2230 quod

269 2253 371 2308 melius
391 2256 513 2321 apparet
532 2268 607 2324 esse,
628 2251 670 2304 sic
683 2249 867 2304 scribendum
879 2251 939 2302 est:
959 2242 1171 2304 διεκωδώιισει
1189 2243 1267 2323 Εὐρ.
1300 2237 1306 2256 ’

268 2331 462 2409 Παλαμήδει·
482 2337 500 2406 ιι
518 2332 686 2411 μεταφορὰ.
706 2337 736 2388 et
755 2349 829 2406 quae
849 2336 1016 2406 sequuntur.
1057 2335 1143 2398 Quod
1162 2350 1264 2407 super·

269 2428 329 2500 est,
362 2422 451 2480 schol.
476 2425 546 2482 Eur.
571 2424 679 2480 Phoen.
706 2423 777 2499 126,
805 2423 864 2480 nisi
888 2422 926 2480 ad
950 2423 1030 2480 aliud
1057 2425 1158 2482 nescio
1186 2424 1265 2498 quod

269 2514 456 2572 Grammatioi
474 2531 548 2589 opus
566 2515 701 2594 respicit,
722 2515 812 2572 etiam
829 2517 861 2572 in
879 2497 1085 2574 commentario
1103 2515 1264 2590 Euripideo

267 2608 363 2664 locum
382 2606 517 2664 habuisse
537 2606 688 2664 concedas.
727 2607 863 2666 Fortasse
889 2608 968 2664 enim
985 2607 1172 2666 Aristarchus
1196 2623 1263 2681 per·

267 2697 342 2754 bene
359 2698 514 2774 intellexit,
535 2701 679 2772 quatenus
692 2699 793 2756 critica
806 2698 995 2770 'tragicorum
1013 2698 1128 2754 tabulae
1147 2697 1261 2767 indige·

266 2791 347 2846 rent:
372 2788 516 2844 intellexit
540 2803 591 2846 eas
615 2788 800 2870 potissimum
824 2789 993 2846 historicam
1016 2791 1104 2864 atque
1124 2786 1263 2844 aestheti·

267 2893 331 2950 cam
348 2879 495 2950 postulare
514 2879 726 2951 interpretandi
742 2879 895 2946 rationem.
935 2881 1033 2946 Quare
1050 2878 1188 2947 'Ihagicos
1207 2877 1263 2932 eri·

266 2966 325 3021 tioo
345 2967 442 3022 studio
467 2973 556 3041 su'pra
580 2968 698 3026 modum
720 2984 781 3024 non
801 2969 959 3024 vexaverit.
997 2965 1191 3024 Nihilominus
1211 2982 1263 3024 eos

265 3057 400 3129 pervarie
418 3057 530 3114 ratione
549 3060 758 3133 interpretatus
778 3059 831 3114 est.
848 3057 944 3114 -Ita
961 3056 1062 3112 metris
1081 3055 1264 3116 ohoricorum

266 3148 457 3217 systematum
481 3149 691 3207 constituendis
716 3149 836 3205 multam
861 3147 942 3204 dedit
967 3163 1094 3221 operam
1133 3144 1261 3204 Scholia-

266 3239 329 3294 stae
349 3237 467 3311 quidem
484 3240 674 3310 Tragicorum
691 3241 798 3296 iterum
816 3241 929 3296 tacent:
949 3241 1078 3296 attamen
1097 3253 1135 3294 ex
1145 3236 1261 3296 Aristo·

265 3329 397 3402 phenicis
417 3330 534 3387 scholiis
547 3333 603 3389 huc
615 3332 759 3405 quadrant
770 3330 874 3388 Scholl.
890 3329 962 3386 Ram
983 3329 1049 3405 356,
1068 3327 1133 3384 374.
1161 3327 1259 3402 Equit

265 3421 330 3477 569.
355 3451 394 3463 -
417 3421 507 3478 Porro
538 3421 756 3492 grammaticum
787 3421 875 3477 etiam
904 3418 1079 3478 didascalica
1109 3417 1260 3490 scripsisse

265 3511 415 3570 contendit
439 3511 588 3569 Boekhius
611 3514 631 3570 l.
651 3513 687 3568 1.:
717 3511 805 3589 „Alia
832 3513 956 3585 possunt
981 3527 1020 3568 ex
1043 3507 1206 3570 Aristarchi
1230 3509 1261 3564 et

267 3602 392 3658 Cratetis
421 3601 604 3659 didascalicis
629 3605 790 3676 propagata
818 3618 883 3660 esse
897 3595 991 3683 ¹⁸¹).“
1011 3631 1050 3643 —
1072 3599 1115 3654 At
1142 3595 1261 3654 disertis

266 3692 359 3748 fateor
377 3693 554 3764 argumentis
574 3709 667 3752 careo.
712 3691 862 3766 Exemplis
885 3695 982 3752 autem
1006 3687 1167 3748 tabularum
1185 3702 1264 3768 quae,

333 3880 392 3944 1⁸1)
410 3881 472 3932 Vid.
490 3881 695 3935 senatorial.
713 3897 738 3948 p,
756 3882 813 3934 toa.

1451 707 1452 782 ι

1450 899 1452 1014 ι

1450 1019 1452 1106 Ι
