2908 4712
712 467 919 532 ...1oe-

302 585 488 707 'praeserere
502 588 578 688 oea.
596 627 688 685 rane.
707 627 798 706 επις
819 627 855 686 ee
874 643 932 702 quo
951 625 1094 686 eamus:
1114 629 1206 706 „cea
1219 645 1310 692 nem-
1393 695 1397 700 ,

315 722 431 780 branae
458 736 533 778 saec.
558 717 633 796 XII,
662 719 819 778 exhibenst
847 719 1022 796 Hecubam,¹
1040 719 1157 798 Orest,
1187 721 1309 802 Phoen,

314 809 475 888 Hippolyt,
494 809 585 886 Med,
604 809 724 888 Alcest,
743 810 984 868 Andromacham.
1022 807 1103 866 luter
1118 809 1213 869 lineas
1232 813 1309 883 glos·

315 917 382 978 sae,
401 900 440 958 ad
458 901 617 972 marginem
636 901 754 959 scholia
792 901 1020 958 Praemittuntur
1038 903 1178 974 excerpta
1197 917 1234 958 ex
1248 905 1309 961 lle·

314 990 494 1065 phaestionis
513 990 690 1067 enchiridio,
715 991 777 1048 vita
795 991 944 1064 Euripidis
963 992 994 1048 et
1012 991 1244 1062 umgoeoinam·
1261 1009 1310 1050 er·
1438 1015 1439 1038 r

314 1085 467 1159 gumenta,
491 1082 614 1140 Tzetzac
640 1085 670 1139 et
696 1081 898 1140 chortasmcni
922 1081 959 1138 de
986 1079 1048 1152 ejus
1067 1081 1186 1140 Hecuba
1203 1095 1308 1140 versus

312 1171 433 1245 politici.
471 1172 520 1230 Ad
542 1173 629 1229 linem
652 1171 776 1230 Medeae
800 1175 936 1230 enotatur
959 1185 1024 1230 earn
1049 1172 1223 1246 descriptam
1235 1186 1309 1230 esse

313 1278 331 1318 e
357 1261 442 1318 bonis
468 1261 682 1337 exemplaribus
715 1279 735 1319 a
757 1263 900 1335 Dionysio
925 1266 956 1320 et
979 1263 1107 1334 Didymo
1134 1262 1305 1321 emendatis.

313 1351 403 1410 catal
423 1370 452 1427 p.
474 1353 537 1410 543.
587 1353 714 1411 contulit
742 1355 773 1408 et
796 1354 874 1411 hunc
899 1353 984 1412 dod(
998 1353 1199 1430 Musgravius,
1228 1351 1307 1426 apud

312 1457 400 1516 quem
418 1446 471 1499 est.
483 1442 560 1508 cod„
573 1439 629 1499 B.“
666 1443 744 1502 Num
754 1443 912 1501 verisimile
925 1448 980 1520 est,
999 1444 1119 1516 Didymi
1136 1443 1306 1520 editionem,

198 1578 200 1583 .
311 1531 399 1589 modo
418 1532 543 1590 ediderit
560 1534 688 1611 tabulas,
714 1533 753 1590 ad
772 1550 890 1591 manum
906 1534 1026 1592 libmrio
1045 1533 1151 1592 decimi
1176 1533 1256 1590 tertii
1273 1547 1304 1606 p.

313 1622 380 1680 Ghr.
399 1637 429 1678 n.
456 1623 565 1680 saeculi
589 1619 700 1681 fuisset
737 1625 786 1681 An
803 1624 1093 1697 Dionysii'l'hrccis,
1119 1622 1206 1678 modo
1224 1621 1304 1680 illius

312 1713 491 1783 grammatici
515 1712 678 1789 ὑπόμνημα
705 1731 738 1771 re
761 1729 833 1771 vere
855 1711 1042 1788 intelligitur,
1066 1710 1194 1782 Didymo
1214 1711 1305 1768 etiam
1400 1755 1405 1766 .

311 1803 483 1877 antiquioris
502 1803 660 1862 editionem
683 1821 826 1878 usurpare
850 1819 977 1877 unquam
999 1799 1136 1860 librarius
1155 1797 1304 1876 potueritl
1350 1841 1365 1862 .

309 1893 358 1952 An
376 1895 475 1967 potius
495 1895 533 1952 ad
549 1895 669 1967 Didymi
686 1911 794 1953 nomen
810 1895 844 1966 in
862 1893 980 1953 scholiis
999 1894 1109 1968 passim
1132 1907 1304 1950 commemo*

309 1985 405 2041 retum
422 1985 557 2042 librarius
575 1981 727 2061 respexit?
762 1985 835 2044 Utut
853 1987 926 2043 haec
944 2002 977 2042 se
995 1984 1119 2060 habent,
1144 1983 1304 2042 tiendum

308 2075 465 2148 praecipue
483 2075 561 2134 hunc
579 2076 709 2134 codicem
727 2076 905 2134 consuluisse
923 2075 1021 2133 nullus
1040 2074 1157 2132 dubitor
1181 2075 1304 2130 fortasse

309 2162 433 2222 aliorum
450 2169 484 2222 ut
502 2167 570 2224 Jarri
588 2167 722 2225 Laccuris
746 2166 891 2224 industrie
909 2169 1031 2241 fretum,
1057 2165 1166 2240 quippe
1190 2163 1242 2237 qui
1265 2159 1304 2221 τὰ

309 2249 351 2325 εἰς
378 2251 453 2314 ἔπτὰ
477 2251 646 2336 τραγῳδίας
663 2256 718 2313 τοῦ
735 2252 905 2337 Εὐριπίδου
924 2249 1081 2330 σποράδην
1109 2253 1305 2330 εὑρισκόμενα
1350 2262 1355 2268 “

309 2344 416 2422 σχόλια
440 2347 611 2416 collegisset.
655 2346 802 2414 Excerpta
826 2358 865 2398 ex
887 2341 1114 2412 Hephaestionis
1140 2342 1303 2400 enchiridio
1349 2371 1359 2384 ·

308 2436 397 2491 etiam
420 2434 563 2492 Arsenius
586 2431 713 2510 recepit,
735 2421 826 2506 ¹cujus
856 2429 1015 2488 editionem
1041 2428 1222 2502 pedetentim
1250 2447 1303 2489 ex·

308 2525 451 2600 pressisse
470 2523 649 2598 Hervagium
665 2539 726 2581 non
745 2525 792 2580 est
810 2523 889 2598 quod
907 2534 1049 2578 moneam
1087 2520 1131 2578 Ac
1143 2523 1223 2578 tonte
1243 2520 1303 2580 dis·

309 2617 444 2674 simulato
471 2617 585 2690 reliqua
613 2631 729 2690 quoque
761 2615 870 2672 scholia
897 2611 1020 2671 metrica
1049 2612 1215 2686 complexus
1247 2615 1302 2669 cst.

306 2707 392 2764 Nunc
417 2706 443 2762 si
468 2708 616 2764 constaret
640 2706 769 2763 codicem
793 2706 875 2762 illum
899 2703 972 2760 haec
996 2703 1095 2760 omnia
1113 2702 1302 2778 continuisse,

307 2796 344 2853 de
363 2797 581 2871 Hephaestione
601 2799 688 2869 atque
707 2795 839 2866 Eugenio
858 2797 892 2852 ut
909 2793 1076 2868 praecipuis
1100 2793 1229 2850 lontibus
1254 2807 1302 2849 co·

283 2943 285 2950 ,
307 2886 400 2954 gitare
419 2885 502 2942 facile
522 2888 661 2944 esset-
679 2885 815 2942 ceterum
832 2883 994 2958 loquuturis
1013 2884 1099 2942 nobis
1118 2883 1155 2940 de
1173 2882 1303 2942 lontibus

307 2975 481 3028 scholiorum
505 2975 537 3028 in
560 2971 733 3043 Euripidem
756 2971 877 3026 maximi
905 2969 958 3048 ea,¹
989 2989 1064 3045 quae
1088 2967 1152 3050 (ed.
1177 2971 1302 3052 maen)

307 3061 345 3119 ad
363 3059 460 3118 Orest.
479 3074 508 3114 v.
529 3059 603 3113 1686
626 3059 779 3129 leguntur,
803 3057 986 3112 aestimande
1011 3061 1093 3112 eunte
1120 3055 1208 3137 Πρὸς
1231 3053 1303 3118 διά-

307 3168 389 3231 φορα
412 3145 583 3229 ἀντίγραφα
603 3145 854 3225 παραγέγραπται
882 3138 915 3202 ἔκ
938 3145 992 3202 τοῦ
1014 3143 1164 3204 Διονύσου
1192 3143 1300 3229 (marg.

210 3273 213 3278 '
306 3259 353 3319 Ν·
364 3235 546 3321 Διονυσίου)
557 3238 764 3314 ὑπομνήμαῒθς
784 3230 956 3314 ὁλοσχερῶς,
969 3237 1019 3294 ent
1031 3235 1090 3295 τῶν
1101 3237 1215 3313 prame
1226 3240 1299 3323 ΙΝ),

293 3329 345 3375 ‘-
363 3330 450 3399 Quod
475 3331 594 3406 quidem
620 3327 849 3386 additamentum
873 3326 972 3400 plures
996 3327 1137 3386 exhibent
1166 3327 1299 3411 Codices,

305 3424 475 3495 intorques
495 3420 566 3478 cod
587 3417 733 3477 Guelferb.
760 3434 778 3474 a
805 3433 892 3493 manu
911 3417 1046 3496 secund,
1071 3422 1105 3476 ut
1121 3419 1301 3480 Matthiaeur

305 3514 405 3588 notat,
425 3511 476 3586 qui
494 3511 567 3569 hoec
585 3510 622 3567 de
641 3507 745 3566 eodem
762 3508 826 3565 loco
845 3509 969 3583 proferte
989 3510 1119 3586 „Ultima
1136 3527 1212 3568 avr.
1225 3507 1302 3591 πρὸς

306 3597 439 3681 διάφορα
465 3601 527 3660 κτλ.
551 3601 584 3658 in
608 3601 664 3656 Gn.
696 3613 716 3656 a
738 3598 981 3673 praecedentibus
1010 3599 1142 3672 sejuncta
1171 3605 1240 3658 sant
1268 3606 1300 3660 et

307 3694 387 3769 quod
413 3693 445 3752 in
472 3690 565 3750 initiis
589 3703 730 3750 novorum
754 3689 930 3748 scholiorum
953 3691 1017 3749 ieri
1041 3691 1133 3769 solet,
1158 3692 1243 3752 litere
1267 3675 1309 3752 π’
1374 3703 1378 3712 ’

374 3948 435 4014 tlt)
451 3950 598 4014 ruperam
614 3946 732 4004 Bechtus
748 3949 834 4002 verba
849 3946 940 4001 edidit.
