2790 4712
671 399 877 462 ...u-.-

231 565 233 572 “
280 554 470 622 neomenia·
491 563 588 620 autem
617 561 689 639 περι
712 553 886 639 τραγῳδιῶν
913 555 1019 616 utrum
1048 557 1086 615 ab
1116 559 1326 620 arbacem

283 655 423 728 scripturn
447 667 512 709 esse
538 655 569 708 ct
588 667 695 709 census
712 651 885 724 scriptorum
902 649 981 722 spui
1004 648 1170 719 Diogenem
1192 651 1317 708 [mr.

282 747 356 803 tium
380 744 481 820 docet,
506 743 614 815 quiin
637 742 823 800 numerandis
848 739 986 814 operibus
1013 739 1144 796 omiserit
1177 741 1312 814 potius

282 834 441 910 quaedam,
470 848 557 906 qnam
585 833 621 888 de
650 847 704 890 suo
729 831 892 906 addiderit3
924 834 970 905 et,
999 828 1194 891 Aristotelem
1230 831 1308 888 isto

192 955 200 972 e
280 924 355 982 libro
380 918 594 981 Διδασκαλιῶν
617 939 691 996 opus
707 922 876 980 illustrasse
901 937 955 995 per
978 935 1011 977 se
1034 919 1304 982 venamuim

281 1019 335 1070 est
374 1017 580 1072 Verumtamen
598 1014 624 1070 si
643 1014 679 1070 de
698 1014 819 1084 integris
831 1011 968 1086 operibus
980 1012 1075 1068 nullm
1090 1009 1226 1088 dubitas,
1253 1013 1299 1070 de

279 1119 401 1160 numero
420 1103 598 1175 singulorum
615 1104 754 1160 librorum
770 1103 835 1160 ‘sive
854 1101 982 1177 capitum
988 1102 1055 1172 jure
1067 1101 1188 1160 dubites
1208 1099 1295 1182 ¹¹⁰).

353 1196 431 1253 Num
455 1194 581 1267 denique
602 1195 773 1252 criticorum
796 1193 964 1254 Aristotelis
988 1191 1152 1250 ¹sinelicium
1181 1195 1295 1266 speci-

279 1286 359 1342 mina
376 1280 527 1359 repertast
563 1285 654 1362 Nam,
674 1287 721 1343 cui
740 1278 858 1359 quidem
876 1283 1037 1340 sententiae
1055 1284 1149 1354 magis
1168 1285 1293 1354 magis-

280 1391 337 1448 que
357 1377 462 1450 faveo,
489 1375 515 1430 si
539 1375 603 1448 ipse
628 1377 803 1437 Aristoteles
827 1375 1016 1448 apographon
1034 1373 1106 1430 iliud
1124 1371 1292 1447 publicum

279 1464 365 1539 lecit,
391 1481 458 1520 cum
482 1465 614 1522 criticam
637 1461 785 1523 lectitasse
809 1453 949 1539 perquem
979 1464 1128 1538 probabile
1156 1463 1289 1522 videtur

280 1570 345 1610 esse
358 1548 429 1633 ¹²¹).
474 1555 628 1610 Praeterea
651 1554 807 1612 laudantur
831 1557 893 1627 ejus
914 1552 1287 1632 ἈπορήματαἈρχιλό-

276 1661 348 1720 χον,
369 1638 557 1720 Εὐριπίδου,
581 1640 780 1722 Χοιρίλουῖν
798 1644 926 1720 βιβλίοις
947 1649 973 1720 r
993 1649 1080 1720 atque
1094 1641 1284 1720 Ἐξηγημένα

278 1729 354 1790 κατὰ
378 1735 461 1806 γένος
484 1731 513 1809 β.
539 1727 585 1790 κδ’
604 1729 675 1814 ¹¹²).
701 1765 740 1778 -
769 1737 907 1806 Attamen
940 1737 1109 1810 priusquam
1139 1736 1178 1792 ael
1206 1736 1281 1808 ipsas

278 1823 369 1880 verba
390 1840 444 1900 ers
473 1823 574 1880 critice
603 1825 743 1902 accersit,
774 1827 935 1884 sententias
965 1827 1104 1884 obscurus
1133 1825 1278 1900 valeque

278 1913 391 1972 ratione
417 1913 622 1991 explicabiles,
647 1930 779 1989 quaeque
804 1918 975 1998 aenigmatis
998 1919 1092 1974 insiar
1116 1918 1276 1976 soluendae

278 2008 392 2080 essent,
420 2005 608 2062 Grammau'ci
632 2007 780 2079 explicare
811 2009 968 2065 studebant
995 2012 1083 2081 atque
1108 2009 1269 2066 enucleare.

278 2093 344 2158 Quo
369 2093 486 2167 quidem
505 2094 904 2170 solvendi‘stndiorinprimis
923 2099 1143 2156 Homericmum
1162 2099 1269 2158 Garmi-

276 2197 347 2239 num
365 2185 541 2256 interpretes
560 2186 693 2241 floruisse
711 2189 813 2242 notum
831 2192 885 2245 est.
929 2191 1037 2248 Verum
1062 2191 1151 2251 etiam
1168 2190 1268 2262 nagi-

277 2289 377 2330 corum
394 2273 569 2344 interpretes
589 2274 618 2328 ei
636 2275 824 2332 indulserunt.
858 2277 988 2336 Λυτικολ
1002 2280 1045 2336 illi
1057 2283 1089 2336 et
1106 2275 1268 2340 ἐνστατικρό

276 2357 372 2434 neque
396 2361 476 2434 ipsae
501 2363 654 2433 poetarum
679 2366 839 2422 sententies
863 2368 1008 2426 faciliores
1032 2369 1266 2444 redderentque

276 2451 351 2508 adeo
368 2449 460 2506 verba
478 2456 643 2524 permutare
661 2455 726 2511 ausi
752 2459 827 2513 sunt.
871 2460 969 2534 Atque
993 2461 1167 2526 Aristoteles
1188 2461 1265 2520 inter
1303 2493 1305 2498 ·

275 2541 464 2612 Tragicorum
481 2541 656 2617 interpretes
676 2546 786 2619 primus
802 2539 1004 2620 Ἑιστατικός,
1032 2552 1143 2626 primus
1168 2553 1262 2630 etiam,

210 2630 213 2636 ’
273 2634 308 2702 ut
325 2632 443 2689 videtur
457 2631 604 2704 Ἀττικός.
622 2665 662 2680 —-
679 2637 726 2694 Ita
749 2655 788 2696 ne
812 2639 845 2699 in
863 2658 952 2716 opere
971 2639 1090 2714 quidem
1108 2637 1261 2718 Ἑξηγημέ·

186 2773 191 2781 s
272 2741 332 2780 νων
350 2723 542 2796 philosophus
562 2718 692 2784 criticam
711 2729 863 2788 factitavit.
902 2731 1005 2804 Neque
1024 2733 1115 2810 adeo,
1134 2736 1167 2791 ut
1183 2734 1261 2792 iabu-

273 2813 319 2870 lne
343 2814 533 2883 Tragicorum
557 2816 676 2872 criticae
700 2819 773 2875 artis
796 2819 861 2890 lege
886 2826 1123 2900 recenserentur,
1149 2825 1260 2884 omnino

218 2908 221 2914 ’
273 2917 347 2975 opus
367 2904 437 2958 erat.
477 2903 535 2958 Sed
554 2904 591 2960 de
610 2906 656 2960 his
671 2906 738 2984 iem·
753 2924 841 2980 supra
860 2911 1080 2985 disputarunus.

301 2993 306 2998 '
346 2991 395 3050 Ex
412 2991 546 3048 omnibus
563 2992 612 3048 iris
631 2994 763 3071 scriptis,
787 2987 895 3068 quibus
914 3003 1089 3062 Aristoteles
1107 3007 1166 3062 tam
1182 3007 1257 3064 varic

270 3137 470 3150 ...n-n*

336 3237 399 3298 120)
421 3239 462 3289 ile
483 3238 669 3306 magnitudine
694 3242 827 3298 librorum
851 3248 1101 3316 antiquissimorum
1126 3253 1253 3308 interme

267 3321 463 3372 difficillimum:
486 3335 568 3387 quum
588 3324 702 3386 primum
723 3324 829 3392 majora
852 3343 938 3392 opera
958 3333 986 3384 in
1009 3332 1096 3385 libros
1118 3336 1250 3404 distributa

267 3405 428 3477 pierumque
449 3416 467 3453 a
489 3402 695 3466 posterioribus
710 3411 900 3474 Grammaticis
923 3413 985 3472 sint,
1026 3417 1170 3487 Equidem,
1191 3432 1247 3474 nun

267 3488 327 3548 ipse
343 3486 509 3537 Aristotelea
525 3487 630 3550 scripta
650 3496 706 3540 sua·
722 3491 750 3542 in
770 3493 895 3559 singulos
912 3493 1019 3548 iiteiics
1036 3500 1161 3563 capitave
1183 3501 1245 3554 iivi-

267 3567 353 3633 serit‚
368 3579 412 3630 me
427 3565 536 3616 nescire
551 3569 672 3632 ingenue
688 3573 787 3632 fateor.
821 3579 889 3628 litut
905 3581 952 3630 res
969 3593 1000 3632 se
1017 3575 1108 3648 iabe'tj
1124 3579 1171 3635 aut
1183 3583 1245 3636 liber

268 3649 479 3702 miucuiiarum
488 3649 610 3702 immunis
621 3653 812 3718 magnitudinis
822 3659 885 3728 icit,
901 3667 951 3714 uuit
961 3663 1049 3715 laisum
1059 3667 1105 3716 cst
1114 3665 1245 3730 Diogenes.

1384 3623 1385 3674 i

333 3737 398 3801 iii)
419 3739 471 3791 iiic
494 3739 638 3806 Girysost.
660 3748 731 3798 orat.
754 3747 802 3798 tt:
822 3738 1046 3819 Ἀριστοτέλης,
1072 3744 1120 3826 ἀφ’
1149 3741 1182 3808 οὔ
1201 3745 1246 3822 τὴν
1384 3681 1385 3712 1

267 3815 395 3901 κριτικὴν
413 3824 463 3880 aut
480 3830 687 3904 γραμματικήν
706 3823 797 3908 ἀρχὴν
816 3829 917 3908 λαβεῖν
934 3834 995 3892 κτλ.

334 3909 396 3974 iit)
412 3913 553 3980 Diogenes
569 3919 600 3976 is.
618 3919 660 3991 V,
677 3921 708 3973 tt
727 3924 755 3975 et
772 3923 907 3990 Aconum.
924 3927 1052 3994 Menam.
1158 3940 1160 3948 ’
