2908 4712
681 427 889 496 ...104-

196 625 201 644 ·
271 597 385 672 seps
403 574 478 653 ‘osu
502 591 567 652 cca
584 589 656 671 ese,
681 591 761 668 quer
785 592 831 651 n·
854 590 954 650 susm
976 589 1091 650 vesto
1122 587 1288 669 esocem

276 683 330 751 .oe
353 680 461 755 αὐτοὺς
483 685 638 764 possete
663 681 843 762 semaeias
860 678 879 755 i
897 679 1128 758 evomeret
1148 681 1289 755 merois

295 778 335 836 ad
352 776 437 836 illum
453 774 670 846 grammaticum
687 776 787 854 refert.
825 771 968 844 Bergkius
992 773 1089 828 autem
1113 773 1146 829 in
1164 785 1289 832 censure

296 867 396 940 Aiacis
423 858 702 944 Lobeckianae¹¹¹)
731 863 901 921 scholiastes
935 864 1102 937 plerumque
1130 863 1245 918 tantum
1263 853 1287 917 ἕο

295 956 415 1028 Didymi
433 953 647 1012 commentariis
664 953 919 1028 interpretationes
939 953 1118 1028 excerpsisse
1135 953 1224 1028 paulo
1242 951 1288 1008 di·

297 1047 431 1104 stinctius
456 1043 622 1120 contendit3
651 1041 818 1119 scholisque
847 1044 1011 1118 inquibus
1035 1045 1229 1101 memorentur
1256 1037 1290 1098 ot

295 1134 559 1212 ὁπομνηματισταῐ
583 1135 645 1192 sive
673 1130 704 1192 ol
727 1132 1060 1211 ὑπομνηματισάμενοι,
1090 1129 1290 1210 tuometipsius

297 1225 394 1286 cidem
425 1224 619 1284 Grammatico
650 1225 790 1284 adscribit
820 1225 926 1284 omnia
950 1225 1142 1293 -Quorum
1170 1220 1289 1298 quidem

298 1316 473 1374 solsoliomm
490 1317 604 1393 partem
623 1315 829 1375 examinemus.
846 1348 887 1362 -

370 1406 510 1482 Primum,
529 1421 703 1480 quamquam
719 1407 877 1479 Didymum
894 1415 928 1466 rc
945 1423 1017 1466 vera
1030 1407 1126 1479 J'ustos
1144 1417 1292 1464 commen·

205 1493 209 1500 '
297 1494 388 1552 brios
407 1496 560 1568 scripsisse
579 1497 772 1554 certissimum
791 1501 852 1574 est,
880 1498 944 1568 ejus
969 1501 1068 1556 temen
1091 1496 1253 1573 ὑπόμνημα
1270 1509 1290 1550 a

298 1583 461 1642 scholiastis
479 1598 539 1638 non
556 1589 741 1643 memoratur.
780 1585 866 1651 Quod
882 1588 941 1642 nisi
958 1587 1068 1644 infelici
1092 1603 1162 1642 cusu
1180 1586 1291 1654 fuctum

298 1675 386 1749 esset,
406 1671 585 1744 grammatici
603 1671 712 1746 scripta
730 1674 778 1729 vel
796 1690 815 1729 a
829 1673 1008 1746 primoribus
1028 1672 1194 1731 scholiastis
1205 1686 1292 1728 usur·

296 1765 368 1838 puta
384 1777 445 1820 non
469 1779 534 1819 esse
560 1761 759 1820 demonstrare
777 1766 889 1838 posset.
913 1763 967 1820 „At
985 1765 1115 1837 proiecto
1139 1761 1215 1820 nihil
1238 1761 1292 1818 de-
1364 1763 1366 1770 '

296 1854 448 1920 monstrat.
485 1851 577 1910 Immo
596 1853 685 1910 schol.
705 1853 805 1925 Antig.
825 1853 877 1911 45:
902 1847 1040 1929 Δίδυμος
1064 1847 1098 1911 δὲ
1122 1853 1212 1930 pqsls·
1230 1845 1293 1909 tsi

297 1943 359 2002 τῶν
374 1939 644 2018 recessissemus
661 1937 714 2000 τὸν
731 1937 799 2015 ἑξῆς
816 1947 919 2020 στίχον
935 1941 1156 2014 sectatrices
1174 1942 1222 2000 rel
1239 1955 1292 2020 ang
1417 1965 1425 1977 =

298 2033 457 2105 tiquiorum
483 2034 678 2107 interpretum
705 2035 927 2092 commentarios
956 2037 1071 2094 tentum
1094 2049 1149 2107 per
1172 2030 1292 2102 Didymi

185 2119 189 2130 “
299 2122 458 2180 editionem
486 2123 650 2181 scholiestis
677 2123 841 2182 innotuisse
869 2125 940 2184 satis
969 2124 1079 2185 diserto
1106 2123 1188 2182 dicit.
1226 2121 1292 2188 Quo

298 2213 418 2280 tandem
437 2229 525 2270 sensu
543 2213 654 2270 dictum
672 2213 727 2269 sits
750 2212 1018 2288 osope-spamae
1039 2213 1118 2272 haud
1141 2213 1185 2270 ita
1207 2210 1293 2270 soils

299 2301 510 2373 exph'cendum.
548 2303 651 2370 Neque
676 2314 731 2368 ego
754 2315 857 2356 omues
881 2301 1001 2356 omnino
1025 2301 1177 2372 Sophoclis
1201 2301 1294 2356 inter·

298 2391 397 2460 prstes
415 2386 621 2456 intelligendos
640 2401 706 2441 csse
725 2385 865 2444 arbitror:
884 2387 995 2461 quippe
1014 2390 1064 2462 qui
1083 2403 1177 2460 acque
1195 2390 1294 2446 minus
1347 2409 1352 2412 ·

298 2491 334 2533 ec
351 2476 445 2533 nostri
463 2476 603 2550 philologi
621 2473 658 2532 de
677 2475 843 2547 hujusmodi
860 2477 950 2534 rebus
968 2478 1046 2536 inter
1065 2493 1096 2534 se
1109 2478 1295 2538 consensisse

298 2565 443 2624 ridentur.
482 2568 579 2634 Quare
597 2583 635 2624 na
653 2566 744 2624 iidem
762 2567 880 2642 quidem
899 2559 1089 2645 grammatici,
1108 2565 1225 2642 quoties
1241 2583 1294 2626 vo-

296 2660 402 2716 uantur
414 2655 444 2716 ct
454 2657 771 2735 exspoliassemus
790 2652 880 2738 (Oed.
895 2657 955 2717 Col.
969 2659 1036 2738 388,
1049 2660 1115 2736 890,
1127 2652 1212 2739 681.)
1230 2659 1295 2720 sive

299 2742 560 2824 tltquqccipcvcs
583 2743 934 2830 (mesoleucon)
964 2750 1102 2807 continuo
1128 2749 1292 2808 laudantur.

298 2839 402 2914 Neque
421 2840 540 2898 tandem
558 2839 716 2911 Didymum
739 2839 936 2913 antiquiorum
959 2841 1152 2916 interpretum
1174 2841 1295 2898 nornine

300 2927 432 2985 consulto
443 2930 676 3000 praetermisisse
688 2932 770 3001 puto.
791 2929 822 2985 Si
841 2929 912 3003 quid
929 2936 1082 3002 peceatum
1099 2933 1132 2988 in
1145 2947 1181 2988 ea
1191 2947 1224 2988 re
1236 2933 1293 3008 est,

299 3014 332 3071 id
350 3015 514 3070 scholimtis
532 3007 668 3088 imputes.
686 3045 726 3060 -
743 3018 828 3073 Nunc
852 3022 968 3086 egomet
991 3015 1063 3090 τοὺς
1086 3019 1295 3095 inoperasse·

268 3099 269 3112 *
300 3105 531 3179 septimenta
549 3103 707 3176 Didymum
725 3104 764 3162 ad
781 3119 872 3162 unum
889 3121 990 3164 omnes
1014 3107 1125 3166 vixisse
1150 3111 1295 3168 confiden-

299 3196 346 3250 ter
364 3193 516 3252 contendo.
554 3196 654 3269 Atque
669 3194 729 3270 ipsi
747 3195 920 3256 scholiastae
940 3201 1033 3256 semet
1051 3201 1181 3275 priorum
1199 3215 1296 3272 Sfffl‘

299 3285 471 3344 rusticorum
495 3284 573 3344 dicta
596 3286 713 3345 aliunde
738 3289 879 3348 sumsisse
903 3291 1090 3364 pmiitenturr
1119 3291 1292 3350 nimirume

299 3375 419 3448 Didymi
435 3376 660 3434 commentariis.
679 3407 718 3422 -

374 3468 457 3533 Quae
476 3465 593 3540 quidem
611 3467 698 3526 modu
721 3472 801 3528 recte
821 3469 1009 3544 disputavero
1026 3470 1182 3540 Didymum
1207 3481 1292 3542 prae-

339 3773 341 3777 ·
366 3751 426 3818 211)
443 3749 475 3805 c.
491 3755 655 3812 racudsis,
672 3755 690 3806 a
706 3755 725 3806 1.
741 3755 843 3822 sergi.
865 3757 894 3808 u
911 3757 943 3809 s.
960 3757 993 3810 n.
1015 3757 1047 3807 s.
1070 3769 1094 3808 a.
1118 3754 1185 3807 ress
1208 3769 1236 3808 n.
1258 3759 1292 3810 ss
1316 3731 1318 3736 ’

297 3833 720 3892 perscrutationum.
742 3835 801 3890 (tol
824 3837 887 3901 888,
910 3841 975 3908 tto,
998 3839 1064 3906 eet,
1087 3836 1146 3890 847.
1169 3839 1212 3892 lto
1228 3837 1291 3892 408:

301 3914 382 3966 etlam
398 3915 481 3978 plura
495 3919 694 3972 Lammaunus·
964 3923 968 3934 “
