<?xml version="1.0" encoding="UTF-8"?>
<!DOCTYPE html PUBLIC "-//W3C//DTD XHTML 1.0 Transitional//EN"
    "http://www.w3.org/TR/xhtml1/DTD/xhtml1-transitional.dtd">
<html xmlns="http://www.w3.org/1999/xhtml" xml:lang="en" lang="en">
 <head>
  <title>
</title>
<meta http-equiv="Content-Type" content="text/html;charset=utf-8" />
  <meta name='ocr-system' content='tesseract 3.04.00' />
  <meta name='ocr-capabilities' content='ocr_page ocr_carea ocr_par ocr_line ocrx_word'/>
</head>
<body>
  <div class='ocr_page' id='page_1' title='image "./deaeschylisopho00richgoog_0128.png"; bbox 0 0 2908 4712; ppageno 0'>
   <div class='ocr_carea' id='block_1_1' title="bbox 178 351 1232 592">
    <p class='ocr_par' dir='ltr' id='par_1_1' title="bbox 178 351 1232 592">
     <span class='ocr_line' id='line_1_1' title="bbox 594 351 799 415; baseline -0.005 0"><span class='ocrx_word' id='word_1_1' title='bbox 594 385 634 394; x_wconf 94' lang='lat'>-</span> <span class='ocrx_word' id='word_1_2' title='bbox 667 351 727 415; x_wconf 77' lang='lat'>117</span> <span class='ocrx_word' id='word_1_3' title='bbox 758 384 799 394; x_wconf 91' lang='lat'>—</span> 
     </span>
     <span class='ocr_line' id='line_1_2' title="bbox 178 471 1232 592; baseline -0.002 -18"><span class='ocrx_word' id='word_1_4' title='bbox 178 579 180 584; x_wconf 83' lang='lat'><em>.</em></span> <span class='ocrx_word' id='word_1_5' title='bbox 201 511 311 592; x_wconf 45' lang='lat' dir='ltr'>teror</span> <span class='ocrx_word' id='word_1_6' title='bbox 331 514 379 572; x_wconf 76' lang='lat' dir='ltr'>na</span> <span class='ocrx_word' id='word_1_7' title='bbox 396 513 434 572; x_wconf 74' lang='lat' dir='ltr'>aa</span> <span class='ocrx_word' id='word_1_8' title='bbox 452 512 500 585; x_wconf 54' lang='grc' dir='ltr'>Α).</span> <span class='ocrx_word' id='word_1_9' title='bbox 521 513 577 570; x_wconf 74' lang='lat' dir='ltr'>coa</span> <span class='ocrx_word' id='word_1_10' title='bbox 598 471 652 588; x_wconf 63' lang='lat' dir='ltr'>pro</span> <span class='ocrx_word' id='word_1_11' title='bbox 666 515 720 572; x_wconf 75' lang='lat' dir='ltr'>rra</span> <span class='ocrx_word' id='word_1_12' title='bbox 734 513 917 587; x_wconf 60' lang='lat' dir='ltr'>utererque</span> <span class='ocrx_word' id='word_1_13' title='bbox 930 513 981 572; x_wconf 79' lang='lat' dir='ltr'>rua</span> <span class='ocrx_word' id='word_1_14' title='bbox 999 514 1192 590; x_wconf 64' lang='lat' dir='ltr'>sanamur</span> <span class='ocrx_word' id='word_1_15' title='bbox 1230 560 1232 564; x_wconf 94' lang='lat'>.</span> 
     </span>
    </p>
   </div>
   <div class='ocr_carea' id='block_1_2' title="bbox 199 605 1201 1138">
    <p class='ocr_par' dir='ltr' id='par_1_2' title="bbox 199 605 1201 1138">
     <span class='ocr_line' id='line_1_3' title="bbox 202 605 1193 681; baseline 0 -17"><span class='ocrx_word' id='word_1_16' title='bbox 202 609 312 681; x_wconf 74' lang='lat' dir='ltr'>profert</span> <span class='ocrx_word' id='word_1_17' title='bbox 342 605 576 680; x_wconf 75' lang='lat' dir='ltr'>explicationem.</span> <span class='ocrx_word' id='word_1_18' title='bbox 623 606 803 680; x_wconf 66' lang='lat' dir='ltr'>Plerumque</span> <span class='ocrx_word' id='word_1_19' title='bbox 834 605 955 678; x_wconf 86' lang='lat' dir='ltr'>Didymi</span> <span class='ocrx_word' id='word_1_20' title='bbox 992 606 1193 664; x_wconf 75' lang='lat' dir='ltr'>auctoritatem</span> 
     </span>
     <span class='ocr_line' id='line_1_4' title="bbox 201 696 1193 773; baseline -0.002 -19"><span class='ocrx_word' id='word_1_21' title='bbox 201 698 318 755; x_wconf 89' lang='lat' dir='ltr'>videtur</span> <span class='ocrx_word' id='word_1_22' title='bbox 347 697 477 755; x_wconf 86' lang='lat' dir='ltr'>consulto</span> <span class='ocrx_word' id='word_1_23' title='bbox 503 697 685 768; x_wconf 72' lang='lat' dir='ltr'><strong>neglexisse:</strong></span> <span class='ocrx_word' id='word_1_24' title='bbox 717 696 909 771; x_wconf 78' lang='lat' dir='ltr'>ejusqucad</span> <span class='ocrx_word' id='word_1_25' title='bbox 922 697 991 754; x_wconf 80' lang='lat' dir='ltr'>Ant</span> <span class='ocrx_word' id='word_1_26' title='bbox 1012 698 1046 772; x_wconf 79' lang='lat'>4,</span> <span class='ocrx_word' id='word_1_27' title='bbox 1060 697 1193 773; x_wconf 61' lang='lat' dir='ltr'>dimi</span> 
     </span>
     <span class='ocr_line' id='line_1_5' title="bbox 201 787 1201 864; baseline -0.004 -16"><span class='ocrx_word' id='word_1_28' title='bbox 201 805 261 848; x_wconf 88' lang='lat' dir='ltr'>non</span> <span class='ocrx_word' id='word_1_29' title='bbox 285 789 355 846; x_wconf 87' lang='lat' dir='ltr'>facit</span> <span class='ocrx_word' id='word_1_30' title='bbox 369 788 563 846; x_wconf 85' lang='lat' dir='ltr'>mentionem.</span> <span class='ocrx_word' id='word_1_31' title='bbox 602 788 637 844; x_wconf 90' lang='lat' dir='ltr'>ln</span> <span class='ocrx_word' id='word_1_32' title='bbox 663 787 787 846; x_wconf 80' lang='lat' dir='ltr'>scholiis</span> <span class='ocrx_word' id='word_1_33' title='bbox 797 787 1201 864; x_wconf 51' lang='lat' dir='ltr'>:metricisllephaestiunisp</span> 
     </span>
     <span class='ocr_line' id='line_1_6' title="bbox 201 878 1191 956; baseline -0.002 -19"><span class='ocrx_word' id='word_1_34' title='bbox 201 897 289 954; x_wconf 90' lang='lat' dir='ltr'>quem</span> <span class='ocrx_word' id='word_1_35' title='bbox 306 880 343 938; x_wconf 88' lang='lat' dir='ltr'>ad</span> <span class='ocrx_word' id='word_1_36' title='bbox 361 880 409 951; x_wconf 70' lang='lat' dir='ltr'>ai.</span> <span class='ocrx_word' id='word_1_37' title='bbox 430 878 494 955; x_wconf 80' lang='lat'><strong>134,</strong></span> <span class='ocrx_word' id='word_1_38' title='bbox 510 879 574 955; x_wconf 80' lang='lat'>172,</span> <span class='ocrx_word' id='word_1_39' title='bbox 589 879 656 956; x_wconf 80' lang='lat'>201,</span> <span class='ocrx_word' id='word_1_40' title='bbox 673 879 739 936; x_wconf 80' lang='lat'>221.</span> <span class='ocrx_word' id='word_1_41' title='bbox 760 879 832 936; x_wconf 56' lang='lat' dir='ltr'>Oedr</span> <span class='ocrx_word' id='word_1_42' title='bbox 846 879 997 951; x_wconf 65' lang='lat' dir='ltr'>&#39;llyrclbb¹</span> <span class='ocrx_word' id='word_1_43' title='bbox 1006 878 1118 950; x_wconf 68' lang='lat' dir='ltr'>:Antigr</span> <span class='ocrx_word' id='word_1_44' title='bbox 1129 879 1191 936; x_wconf 79' lang='lat' dir='ltr'>sco.</span> 
     </span>
     <span class='ocr_line' id='line_1_7' title="bbox 199 969 1193 1046; baseline -0.003 -16"><span class='ocrx_word' id='word_1_45' title='bbox 199 972 303 1030; x_wconf 62' lang='lat' dir='ltr'>Trachi</span> <span class='ocrx_word' id='word_1_46' title='bbox 322 971 378 1028; x_wconf 75' lang='lat'>947</span> <span class='ocrx_word' id='word_1_47' title='bbox 397 970 516 1046; x_wconf 79' lang='lat' dir='ltr'>laudat,</span> <span class='ocrx_word' id='word_1_48' title='bbox 541 972 572 1026; x_wconf 89' lang='lat' dir='ltr'>et</span> <span class='ocrx_word' id='word_1_49' title='bbox 589 972 624 1026; x_wconf 87' lang='lat' dir='ltr'>ut</span> <span class='ocrx_word' id='word_1_50' title='bbox 642 969 759 1027; x_wconf 83' lang='lat' dir='ltr'>ridetur</span> <span class='ocrx_word' id='word_1_51' title='bbox 775 970 903 1042; x_wconf 78' lang='lat' dir='ltr'>Eugenii</span> <span class='ocrx_word' id='word_1_52' title='bbox 925 970 1128 1033; x_wconf 79' lang='lat' dir='ltr'>auctoritatem</span> <span class='ocrx_word' id='word_1_53' title='bbox 1146 987 1193 1028; x_wconf 86' lang='lat' dir='ltr'>co·</span> 
     </span>
     <span class='ocr_line' id='line_1_8' title="bbox 199 1055 1194 1138; baseline -0.002 -19"><span class='ocrx_word' id='word_1_54' title='bbox 199 1062 251 1138; x_wconf 74' lang='lat' dir='ltr'>lit3</span> <span class='ocrx_word' id='word_1_55' title='bbox 269 1062 321 1120; x_wconf 91' lang='lat' dir='ltr'>ubi</span> <span class='ocrx_word' id='word_1_56' title='bbox 341 1062 409 1118; x_wconf 69' lang='lat' dir='ltr'>sire*</span> <span class='ocrx_word' id='word_1_57' title='bbox 419 1061 529 1118; x_wconf 89' lang='lat' dir='ltr'>cantici</span> <span class='ocrx_word' id='word_1_58' title='bbox 548 1061 703 1134; x_wconf 80' lang='lat' dir='ltr'>cujusdam</span> <span class='ocrx_word' id='word_1_59' title='bbox 718 1055 780 1118; x_wconf 64' lang='lat' dir='ltr'>site</span> <span class='ocrx_word' id='word_1_60' title='bbox 791 1061 978 1134; x_wconf 74' lang='lat' dir='ltr'>singulorum</span> <span class='ocrx_word' id='word_1_61' title='bbox 995 1061 1194 1135; x_wconf 42' lang='lat' dir='ltr'>qucqaev&#39;var·</span> 
     </span>
    </p>
   </div>
   <div class='ocr_carea' id='block_1_3' title="bbox 92 1151 1284 1326">
    <p class='ocr_par' dir='ltr' id='par_1_3' title="bbox 92 1151 1284 1326">
     <span class='ocr_line' id='line_1_9' title="bbox 201 1151 1284 1228; baseline 0.001 -19"><span class='ocrx_word' id='word_1_62' title='bbox 201 1169 285 1210; x_wconf 85' lang='lat' dir='ltr'>suum</span> <span class='ocrx_word' id='word_1_63' title='bbox 309 1152 361 1210; x_wconf 90' lang='lat' dir='ltr'>dat</span> <span class='ocrx_word' id='word_1_64' title='bbox 385 1151 629 1226; x_wconf 79' lang='lat' dir='ltr'>explicationem·</span> <span class='ocrx_word' id='word_1_65' title='bbox 653 1153 783 1210; x_wconf 72' lang='lat' dir='ltr'>Plurima</span> <span class='ocrx_word' id='word_1_66' title='bbox 805 1167 876 1210; x_wconf 82' lang='lat' dir='ltr'>ram</span> <span class='ocrx_word' id='word_1_67' title='bbox 899 1153 983 1228; x_wconf 56' lang='lat' dir='ltr'>lonay</span> <span class='ocrx_word' id='word_1_68' title='bbox 1005 1152 1110 1225; x_wconf 87' lang='lat' dir='ltr'>quibus</span> <span class='ocrx_word' id='word_1_69' title='bbox 1134 1154 1193 1210; x_wconf 64' lang='lat' dir='ltr'>Dea</span> <span class='ocrx_word' id='word_1_70' title='bbox 1279 1191 1284 1202; x_wconf 84' lang='lat'>.</span> 
     </span>
     <span class='ocr_line' id='line_1_10' title="bbox 92 1241 1193 1326; baseline -0.002 -26"><span class='ocrx_word' id='word_1_71' title='bbox 92 1249 116 1298; x_wconf 64' lang='lat'>⁴.</span> <span class='ocrx_word' id='word_1_72' title='bbox 199 1243 321 1300; x_wconf 82' lang='lat' dir='ltr'>metrias</span> <span class='ocrx_word' id='word_1_73' title='bbox 341 1242 379 1301; x_wconf 87' lang='lat' dir='ltr'>ad</span> <span class='ocrx_word' id='word_1_74' title='bbox 398 1261 443 1321; x_wconf 87' lang='lat' dir='ltr'>ea,</span> <span class='ocrx_word' id='word_1_75' title='bbox 456 1259 538 1326; x_wconf 24' lang='lat' dir='ltr'>&#39;quae</span> <span class='ocrx_word' id='word_1_76' title='bbox 558 1243 628 1301; x_wconf 86' lang='lat' dir='ltr'>alibi</span> <span class='ocrx_word' id='word_1_77' title='bbox 646 1245 684 1303; x_wconf 89' lang='lat' dir='ltr'>ab</span> <span class='ocrx_word' id='word_1_78' title='bbox 704 1259 769 1301; x_wconf 88' lang='lat' dir='ltr'>sese</span> <span class='ocrx_word' id='word_1_79' title='bbox 789 1243 867 1300; x_wconf 87' lang='lat' dir='ltr'>diota</span> <span class='ocrx_word' id='word_1_80' title='bbox 887 1244 956 1320; x_wconf 84' lang='lat' dir='ltr'>sint,</span> <span class='ocrx_word' id='word_1_81' title='bbox 975 1243 1083 1317; x_wconf 83' lang='lat' dir='ltr'>respici</span> <span class='ocrx_word' id='word_1_82' title='bbox 1097 1241 1193 1318; x_wconf 86' lang='lat' dir='ltr'>jubet,</span> 
     </span>
    </p>
   </div>
   <div class='ocr_carea' id='block_1_4' title="bbox 200 1331 1194 1426">
    <p class='ocr_par' dir='ltr' id='par_1_4' title="bbox 200 1331 1194 1426">
     <span class='ocr_line' id='line_1_11' title="bbox 200 1331 1194 1426; baseline -0.001 -35"><span class='ocrx_word' id='word_1_83' title='bbox 200 1333 239 1390; x_wconf 90' lang='lat' dir='ltr'>ad</span> <span class='ocrx_word' id='word_1_84' title='bbox 258 1333 383 1392; x_wconf 89' lang='lat' dir='ltr'>eundem</span> <span class='ocrx_word' id='word_1_85' title='bbox 400 1335 765 1426; x_wconf 34' lang='lat' dir='ltr'>opinorDHephaestionem</span> <span class='ocrx_word' id='word_1_86' title='bbox 776 1334 940 1409; x_wconf 74' lang='lat' dir='ltr'>pertinent:</span> <span class='ocrx_word' id='word_1_87' title='bbox 959 1333 1042 1406; x_wconf 85' lang='lat' dir='ltr'>cujus</span> <span class='ocrx_word' id='word_1_88' title='bbox 1062 1331 1194 1391; x_wconf 69' lang='lat' dir='ltr'>docmina</span> 
     </span>
    </p>
   </div>
   <div class='ocr_carea' id='block_1_5' title="bbox 200 1422 1298 1502">
    <p class='ocr_par' dir='ltr' id='par_1_5' title="bbox 200 1422 1298 1502">
     <span class='ocr_line' id='line_1_12' title="bbox 200 1422 1298 1502; baseline -0.004 -20"><span class='ocrx_word' id='word_1_89' title='bbox 200 1425 336 1502; x_wconf 83' lang='lat' dir='ltr'>metrica,</span> <span class='ocrx_word' id='word_1_90' title='bbox 360 1426 393 1484; x_wconf 92' lang='lat' dir='ltr'>in</span> <span class='ocrx_word' id='word_1_91' title='bbox 411 1425 539 1483; x_wconf 75' lang='lat' dir='ltr'>editione</span> <span class='ocrx_word' id='word_1_92' title='bbox 558 1426 744 1485; x_wconf 83' lang='lat' dir='ltr'>Turnebiana</span> <span class='ocrx_word' id='word_1_93' title='bbox 763 1426 879 1483; x_wconf 92' lang='lat' dir='ltr'>scholiis</span> <span class='ocrx_word' id='word_1_94' title='bbox 904 1425 1080 1500; x_wconf 89' lang='lat' dir='ltr'>praemissa,</span> <span class='ocrx_word' id='word_1_95' title='bbox 1106 1422 1195 1480; x_wconf 86' lang='lat' dir='ltr'>etiam</span> <span class='ocrx_word' id='word_1_96' title='bbox 1293 1438 1298 1443; x_wconf 89' lang='lat'>·</span> 
     </span>
    </p>
   </div>
   <div class='ocr_carea' id='block_1_6' title="bbox 176 1511 1196 2852">
    <p class='ocr_par' dir='ltr' id='par_1_6' title="bbox 176 1511 1194 1774">
     <span class='ocr_line' id='line_1_13' title="bbox 200 1511 1194 1593; baseline -0.004 -21"><span class='ocrx_word' id='word_1_97' title='bbox 200 1515 375 1573; x_wconf 73' lang='lat' dir='ltr'>alriclinio</span> <span class='ocrx_word' id='word_1_98' title='bbox 394 1516 573 1591; x_wconf 84' lang='lat' dir='ltr'>autographo</span> <span class='ocrx_word' id='word_1_99' title='bbox 592 1517 760 1593; x_wconf 86' lang='lat' dir='ltr'>praeposita</span> <span class='ocrx_word' id='word_1_100' title='bbox 788 1520 841 1574; x_wconf 88' lang='lat' dir='ltr'>est.</span> <span class='ocrx_word' id='word_1_101' title='bbox 861 1550 900 1560; x_wconf 89' lang='lat'><em>-</em></span> <span class='ocrx_word' id='word_1_102' title='bbox 918 1515 996 1582; x_wconf 86' lang='lat' dir='ltr'>Quid</span> <span class='ocrx_word' id='word_1_103' title='bbox 1020 1511 1139 1570; x_wconf 86' lang='lat' dir='ltr'>tandem</span> <span class='ocrx_word' id='word_1_104' title='bbox 1162 1513 1194 1568; x_wconf 90' lang='lat' dir='ltr'>in</span> 
     </span>
     <span class='ocr_line' id='line_1_14' title="bbox 198 1601 1194 1685; baseline -0.001 -26"><span class='ocrx_word' id='word_1_105' title='bbox 198 1605 341 1678; x_wconf 87' lang='lat' dir='ltr'>Euripide</span> <span class='ocrx_word' id='word_1_106' title='bbox 359 1607 530 1666; x_wconf 87' lang='lat' dir='ltr'>illustrando</span> <span class='ocrx_word' id='word_1_107' title='bbox 548 1611 737 1685; x_wconf 85' lang='lat' dir='ltr'>praestiterit,</span> <span class='ocrx_word' id='word_1_108' title='bbox 758 1611 837 1665; x_wconf 89' lang='lat' dir='ltr'>certe</span> <span class='ocrx_word' id='word_1_109' title='bbox 858 1605 980 1664; x_wconf 81' lang='lat' dir='ltr'>Codices</span> <span class='ocrx_word' id='word_1_110' title='bbox 999 1605 1106 1663; x_wconf 82' lang='lat' dir='ltr'>tacent</span> <span class='ocrx_word' id='word_1_111' title='bbox 1136 1601 1194 1659; x_wconf 88' lang='lat' dir='ltr'>Sed</span> 
     </span>
     <span class='ocr_line' id='line_1_15' title="bbox 176 1694 901 1774; baseline 0.008 -26"><span class='ocrx_word' id='word_1_112' title='bbox 176 1694 257 1774; x_wconf 79' lang='lat' dir='ltr'>¹vid.</span> <span class='ocrx_word' id='word_1_113' title='bbox 278 1708 376 1770; x_wconf 80' lang='lat' dir='ltr'>supra,</span> <span class='ocrx_word' id='word_1_114' title='bbox 395 1711 470 1768; x_wconf 86' lang='lat' dir='ltr'>quae</span> <span class='ocrx_word' id='word_1_115' title='bbox 490 1698 526 1753; x_wconf 92' lang='lat' dir='ltr'>de</span> <span class='ocrx_word' id='word_1_116' title='bbox 546 1699 663 1754; x_wconf 87' lang='lat' dir='ltr'>scholiis</span> <span class='ocrx_word' id='word_1_117' title='bbox 681 1697 810 1756; x_wconf 86' lang='lat' dir='ltr'>metricis</span> <span class='ocrx_word' id='word_1_118' title='bbox 830 1696 901 1754; x_wconf 79' lang='lat' dir='ltr'>dixi.</span> 
     </span>
    </p>

    <p class='ocr_par' dir='ltr' id='par_1_7' title="bbox 199 1784 1196 2852">
     <span class='ocr_line' id='line_1_16' title="bbox 273 1784 1193 1866; baseline 0.003 -25"><span class='ocrx_word' id='word_1_119' title='bbox 273 1784 424 1842; x_wconf 86' lang='lat' dir='ltr'>Postremo</span> <span class='ocrx_word' id='word_1_120' title='bbox 442 1786 662 1858; x_wconf 83' lang='lat' dir='ltr'>quaestionibus</span> <span class='ocrx_word' id='word_1_121' title='bbox 682 1801 771 1859; x_wconf 84' lang='lat' dir='ltr'>supra</span> <span class='ocrx_word' id='word_1_122' title='bbox 795 1787 970 1866; x_wconf 82' lang='lat' dir='ltr'>propositis.-</span> <span class='ocrx_word' id='word_1_123' title='bbox 997 1790 1068 1860; x_wconf 91' lang='lat' dir='ltr'>quot</span> <span class='ocrx_word' id='word_1_124' title='bbox 1091 1785 1193 1854; x_wconf 83' lang='lat' dir='ltr'>Tragi-</span> 
     </span>
     <span class='ocr_line' id='line_1_17' title="bbox 201 1869 1193 1952; baseline 0.002 -22"><span class='ocrx_word' id='word_1_125' title='bbox 201 1889 301 1931; x_wconf 89' lang='lat' dir='ltr'>corum</span> <span class='ocrx_word' id='word_1_126' title='bbox 319 1872 431 1932; x_wconf 78' lang='lat' dir='ltr'>fabulas</span> <span class='ocrx_word' id='word_1_127' title='bbox 457 1874 632 1933; x_wconf 77' lang='lat' dir='ltr'>scholiastae</span> <span class='ocrx_word' id='word_1_128' title='bbox 657 1876 869 1952; x_wconf 88' lang='lat' dir='ltr'>pervolverint,</span> <span class='ocrx_word' id='word_1_129' title='bbox 894 1869 966 1948; x_wconf 88' lang='lat' dir='ltr'>quot</span> <span class='ocrx_word' id='word_1_130' title='bbox 990 1876 1080 1932; x_wconf 88' lang='lat' dir='ltr'>iidem</span> <span class='ocrx_word' id='word_1_131' title='bbox 1093 1875 1193 1932; x_wconf 70' lang='lat' dir='ltr'>¹inter·</span> 
     </span>
     <span class='ocr_line' id='line_1_18' title="bbox 199 1963 1195 2042; baseline -0.001 -20"><span class='ocrx_word' id='word_1_132' title='bbox 199 1968 315 2040; x_wconf 89' lang='lat' dir='ltr'>pretum</span> <span class='ocrx_word' id='word_1_133' title='bbox 339 1966 561 2024; x_wconf 87' lang='lat' dir='ltr'>commentarios</span> <span class='ocrx_word' id='word_1_134' title='bbox 591 1963 815 2042; x_wconf 79' lang='lat' dir='ltr'>usurpaverinti</span> <span class='ocrx_word' id='word_1_135' title='bbox 846 1968 985 2040; x_wconf 86' lang='lat' dir='ltr'>quantum</span> <span class='ocrx_word' id='word_1_136' title='bbox 1014 1965 1078 2023; x_wconf 88' lang='lat' dir='ltr'>fieri</span> <span class='ocrx_word' id='word_1_137' title='bbox 1100 1964 1195 2039; x_wconf 87' lang='lat' dir='ltr'>possit</span> 
     </span>
     <span class='ocr_line' id='line_1_19' title="bbox 199 2057 1194 2133; baseline 0 -21"><span class='ocrx_word' id='word_1_138' title='bbox 199 2072 392 2129; x_wconf 84' lang='lat' dir='ltr'>responsurus</span> <span class='ocrx_word' id='word_1_139' title='bbox 412 2073 484 2114; x_wconf 90' lang='lat' dir='ltr'>sum.</span> <span class='ocrx_word' id='word_1_140' title='bbox 504 2091 543 2102; x_wconf 86' lang='lat'>—</span> <span class='ocrx_word' id='word_1_141' title='bbox 560 2057 619 2114; x_wconf 88' lang='lat' dir='ltr'>Ubi</span> <span class='ocrx_word' id='word_1_142' title='bbox 638 2057 674 2114; x_wconf 90' lang='lat' dir='ltr'>de</span> <span class='ocrx_word' id='word_1_143' title='bbox 694 2057 858 2116; x_wconf 79' lang='lat' dir='ltr'>scholiastis</span> <span class='ocrx_word' id='word_1_144' title='bbox 876 2057 1037 2133; x_wconf 87' lang='lat' dir='ltr'>loquimur,</span> <span class='ocrx_word' id='word_1_145' title='bbox 1057 2057 1194 2132; x_wconf 75' lang='lat' dir='ltr'>aetatem,</span> 
     </span>
     <span class='ocr_line' id='line_1_20' title="bbox 201 2146 1194 2223; baseline 0.002 -21"><span class='ocrx_word' id='word_1_146' title='bbox 201 2161 276 2220; x_wconf 90' lang='lat' dir='ltr'>quae</span> <span class='ocrx_word' id='word_1_147' title='bbox 296 2147 458 2218; x_wconf 88' lang='lat' dir='ltr'>aDidymo</span> <span class='ocrx_word' id='word_1_148' title='bbox 476 2146 622 2222; x_wconf 83' lang='lat' dir='ltr'>inceperit</span> <span class='ocrx_word' id='word_1_149' title='bbox 639 2151 728 2223; x_wconf 87' lang='lat' dir='ltr'>atque</span> <span class='ocrx_word' id='word_1_150' title='bbox 747 2149 784 2206; x_wconf 90' lang='lat' dir='ltr'>ab</span> <span class='ocrx_word' id='word_1_151' title='bbox 803 2147 1016 2222; x_wconf 82' lang='lat' dir='ltr'>antiquioribus</span> <span class='ocrx_word' id='word_1_152' title='bbox 1034 2147 1194 2218; x_wconf 80' lang='lat' dir='ltr'>lexicogra·</span> 
     </span>
     <span class='ocr_line' id='line_1_21' title="bbox 199 2236 1195 2315; baseline -0.002 -21"><span class='ocrx_word' id='word_1_153' title='bbox 199 2236 267 2311; x_wconf 88' lang='lat' dir='ltr'>phis</span> <span class='ocrx_word' id='word_1_154' title='bbox 285 2237 417 2315; x_wconf 88' lang='lat' dir='ltr'>finiatur,</span> <span class='ocrx_word' id='word_1_155' title='bbox 438 2239 566 2310; x_wconf 81' lang='lat' dir='ltr'>cogitare</span> <span class='ocrx_word' id='word_1_156' title='bbox 585 2254 639 2296; x_wconf 89' lang='lat' dir='ltr'>nos</span> <span class='ocrx_word' id='word_1_157' title='bbox 664 2241 788 2314; x_wconf 87' lang='lat' dir='ltr'>oportet.</span> <span class='ocrx_word' id='word_1_158' title='bbox 827 2239 963 2297; x_wconf 88' lang='lat' dir='ltr'>Photium</span> <span class='ocrx_word' id='word_1_159' title='bbox 987 2239 1065 2296; x_wconf 91' lang='lat' dir='ltr'>enim</span> <span class='ocrx_word' id='word_1_160' title='bbox 1089 2239 1120 2294; x_wconf 88' lang='lat' dir='ltr'>et</span> <span class='ocrx_word' id='word_1_161' title='bbox 1144 2237 1195 2311; x_wconf 92' lang='lat' dir='ltr'>qni</span> 
     </span>
     <span class='ocr_line' id='line_1_22' title="bbox 199 2327 1195 2405; baseline 0.001 -21"><span class='ocrx_word' id='word_1_162' title='bbox 199 2345 267 2385; x_wconf 87' lang='lat' dir='ltr'>eum</span> <span class='ocrx_word' id='word_1_163' title='bbox 286 2331 447 2404; x_wconf 88' lang='lat' dir='ltr'>sequnntur</span> <span class='ocrx_word' id='word_1_164' title='bbox 465 2331 687 2404; x_wconf 84' lang='lat' dir='ltr'>lexicographos</span> <span class='ocrx_word' id='word_1_165' title='bbox 712 2347 807 2404; x_wconf 92' lang='lat' dir='ltr'>neque</span> <span class='ocrx_word' id='word_1_166' title='bbox 832 2331 917 2404; x_wconf 89' lang='lat' dir='ltr'>plura</span> <span class='ocrx_word' id='word_1_167' title='bbox 942 2345 1029 2405; x_wconf 91' lang='lat' dir='ltr'>quam</span> <span class='ocrx_word' id='word_1_168' title='bbox 1053 2331 1125 2403; x_wconf 90' lang='lat' dir='ltr'>quot</span> <span class='ocrx_word' id='word_1_169' title='bbox 1143 2327 1195 2386; x_wconf 94' lang='lat' dir='ltr'>ho-</span> 
     </span>
     <span class='ocr_line' id='line_1_23' title="bbox 200 2417 1194 2493; baseline 0.005 -21"><span class='ocrx_word' id='word_1_170' title='bbox 200 2417 306 2489; x_wconf 87' lang='lat' dir='ltr'>dieque</span> <span class='ocrx_word' id='word_1_171' title='bbox 324 2421 448 2486; x_wconf 78' lang='lat' dir='ltr'>leglmus</span> <span class='ocrx_word' id='word_1_172' title='bbox 468 2420 607 2493; x_wconf 75' lang='lat' dir='ltr'>dramata,</span> <span class='ocrx_word' id='word_1_173' title='bbox 626 2437 723 2493; x_wconf 89' lang='lat' dir='ltr'>neque</span> <span class='ocrx_word' id='word_1_174' title='bbox 742 2423 840 2492; x_wconf 89' lang='lat' dir='ltr'>plures</span> <span class='ocrx_word' id='word_1_175' title='bbox 854 2420 1075 2476; x_wconf 83' lang='lat' dir='ltr'>commentarios</span> <span class='ocrx_word' id='word_1_176' title='bbox 1088 2435 1194 2490; x_wconf 81' lang='lat' dir='ltr'>cogno·</span> 
     </span>
     <span class='ocr_line' id='line_1_24' title="bbox 200 2504 1194 2578; baseline 0.002 -16"><span class='ocrx_word' id='word_1_177' title='bbox 200 2506 280 2562; x_wconf 86' lang='lat' dir='ltr'>visse</span> <span class='ocrx_word' id='word_1_178' title='bbox 300 2507 423 2562; x_wconf 79' lang='lat' dir='ltr'>constat</span> <span class='ocrx_word' id='word_1_179' title='bbox 448 2535 487 2547; x_wconf 91' lang='lat'>-</span> <span class='ocrx_word' id='word_1_180' title='bbox 510 2504 672 2575; x_wconf 88' lang='lat' dir='ltr'>Didymum</span> <span class='ocrx_word' id='word_1_181' title='bbox 696 2510 794 2564; x_wconf 89' lang='lat' dir='ltr'>autern</span> <span class='ocrx_word' id='word_1_182' title='bbox 817 2524 917 2564; x_wconf 87' lang='lat' dir='ltr'>omnes</span> <span class='ocrx_word' id='word_1_183' title='bbox 936 2509 1125 2578; x_wconf 81' lang='lat' dir='ltr'>Tragicorum</span> <span class='ocrx_word' id='word_1_184' title='bbox 1150 2510 1194 2564; x_wconf 85' lang='lat' dir='ltr'>fa·</span> 
     </span>
     <span class='ocr_line' id='line_1_25' title="bbox 200 2595 1196 2672; baseline -0.001 -17"><span class='ocrx_word' id='word_1_185' title='bbox 200 2595 283 2655; x_wconf 81' lang='lat' dir='ltr'>bulas</span> <span class='ocrx_word' id='word_1_186' title='bbox 303 2610 461 2669; x_wconf 87' lang='lat' dir='ltr'>omnesque</span> <span class='ocrx_word' id='word_1_187' title='bbox 480 2595 674 2668; x_wconf 86' lang='lat' dir='ltr'>interpretum</span> <span class='ocrx_word' id='word_1_188' title='bbox 698 2597 919 2654; x_wconf 83' lang='lat' dir='ltr'>commentarios</span> <span class='ocrx_word' id='word_1_189' title='bbox 944 2597 1123 2671; x_wconf 83' lang='lat' dir='ltr'>pervolvisse</span> <span class='ocrx_word' id='word_1_190' title='bbox 1143 2613 1196 2672; x_wconf 89' lang='lat' dir='ltr'>per</span> 
     </span>
     <span class='ocr_line' id='line_1_26' title="bbox 201 2685 1196 2763; baseline 0 -19"><span class='ocrx_word' id='word_1_191' title='bbox 201 2704 233 2744; x_wconf 90' lang='lat' dir='ltr'>se</span> <span class='ocrx_word' id='word_1_192' title='bbox 252 2688 342 2762; x_wconf 85' lang='lat' dir='ltr'>patet.</span> <span class='ocrx_word' id='word_1_193' title='bbox 381 2687 448 2744; x_wconf 88' lang='lat' dir='ltr'>Jam</span> <span class='ocrx_word' id='word_1_194' title='bbox 465 2685 628 2743; x_wconf 79' lang='lat' dir='ltr'>tabularum</span> <span class='ocrx_word' id='word_1_195' title='bbox 650 2688 735 2762; x_wconf 87' lang='lat' dir='ltr'>plura</span> <span class='ocrx_word' id='word_1_196' title='bbox 760 2689 893 2763; x_wconf 87' lang='lat' dir='ltr'>exempla</span> <span class='ocrx_word' id='word_1_197' title='bbox 917 2688 1023 2745; x_wconf 87' lang='lat' dir='ltr'>scimus</span> <span class='ocrx_word' id='word_1_198' title='bbox 1050 2687 1196 2762; x_wconf 88' lang='lat' dir='ltr'>descripta</span> 
     </span>
     <span class='ocr_line' id='line_1_27' title="bbox 200 2776 1196 2852; baseline 0.002 -18"><span class='ocrx_word' id='word_1_199' title='bbox 200 2778 299 2836; x_wconf 81' lang='lat' dir='ltr'>luisse.</span> <span class='ocrx_word' id='word_1_200' title='bbox 334 2776 590 2837; x_wconf 79' lang='lat' dir='ltr'>verumenimvero</span> <span class='ocrx_word' id='word_1_201' title='bbox 613 2778 698 2852; x_wconf 87' lang='lat' dir='ltr'>plura</span> <span class='ocrx_word' id='word_1_202' title='bbox 716 2778 848 2850; x_wconf 78' lang='lat' dir='ltr'>eJusdem</span> <span class='ocrx_word' id='word_1_203' title='bbox 871 2777 1071 2837; x_wconf 87' lang='lat' dir='ltr'>commentarii</span> <span class='ocrx_word' id='word_1_204' title='bbox 1096 2793 1196 2836; x_wconf 85' lang='lat' dir='ltr'>exem·</span> 
     </span>
    </p>
   </div>
   <div class='ocr_carea' id='block_1_7' title="bbox 119 2867 1194 2944">
    <p class='ocr_par' dir='ltr' id='par_1_8' title="bbox 119 2867 1194 2944">
     <span class='ocr_line' id='line_1_28' title="bbox 119 2867 1194 2944; baseline -0.002 -18"><span class='ocrx_word' id='word_1_205' title='bbox 119 2879 124 2893; x_wconf 92' lang='grc'>·</span> <span class='ocrx_word' id='word_1_206' title='bbox 201 2869 251 2943; x_wconf 89' lang='lat' dir='ltr'>pla</span> <span class='ocrx_word' id='word_1_207' title='bbox 270 2867 417 2944; x_wconf 88' lang='lat' dir='ltr'>descripta</span> <span class='ocrx_word' id='word_1_208' title='bbox 436 2885 500 2926; x_wconf 87' lang='lat' dir='ltr'>esse</span> <span class='ocrx_word' id='word_1_209' title='bbox 520 2883 616 2942; x_wconf 90' lang='lat' dir='ltr'>neque</span> <span class='ocrx_word' id='word_1_210' title='bbox 643 2869 752 2928; x_wconf 88' lang='lat' dir='ltr'>diserta</span> <span class='ocrx_word' id='word_1_211' title='bbox 776 2871 896 2928; x_wconf 86' lang='lat' dir='ltr'>tradunt</span> <span class='ocrx_word' id='word_1_212' title='bbox 913 2869 1081 2928; x_wconf 84' lang='lat' dir='ltr'>testimonia</span> <span class='ocrx_word' id='word_1_213' title='bbox 1098 2883 1194 2944; x_wconf 90' lang='lat' dir='ltr'>neque</span> 
     </span>
    </p>
   </div>
   <div class='ocr_carea' id='block_1_8' title="bbox 173 2959 1197 3673">
    <p class='ocr_par' dir='ltr' id='par_1_9' title="bbox 173 2959 1197 3673">
     <span class='ocr_line' id='line_1_29' title="bbox 200 2959 1196 3038; baseline -0.001 -20"><span class='ocrx_word' id='word_1_214' title='bbox 200 2960 319 3018; x_wconf 90' lang='lat' dir='ltr'>omnino</span> <span class='ocrx_word' id='word_1_215' title='bbox 342 2959 501 3018; x_wconf 83' lang='lat' dir='ltr'>verisimile</span> <span class='ocrx_word' id='word_1_216' title='bbox 526 2962 580 3017; x_wconf 83' lang='lat' dir='ltr'>est</span> <span class='ocrx_word' id='word_1_217' title='bbox 605 2961 879 3038; x_wconf 58' lang='lat' dir='ltr'>‚Grammaticorum</span> <span class='ocrx_word' id='word_1_218' title='bbox 909 2964 1007 3020; x_wconf 86' lang='lat' dir='ltr'>autem</span> <span class='ocrx_word' id='word_1_219' title='bbox 1031 2960 1140 3035; x_wconf 86' lang='lat' dir='ltr'>scripta</span> <span class='ocrx_word' id='word_1_220' title='bbox 1164 2959 1196 3017; x_wconf 91' lang='lat' dir='ltr'>in</span> 
     </span>
     <span class='ocr_line' id='line_1_30' title="bbox 173 3049 1195 3126; baseline -0.002 -16"><span class='ocrx_word' id='word_1_221' title='bbox 173 3118 176 3126; x_wconf 24' lang='lat'><strong><em>¹</em></strong></span> <span class='ocrx_word' id='word_1_222' title='bbox 200 3067 306 3124; x_wconf 80' lang='lat' dir='ltr'>magne</span> <span class='ocrx_word' id='word_1_223' title='bbox 324 3051 501 3109; x_wconf 89' lang='lat' dir='ltr'>bibliotheca</span> <span class='ocrx_word' id='word_1_224' title='bbox 518 3052 620 3125; x_wconf 90' lang='lat' dir='ltr'>procul</span> <span class='ocrx_word' id='word_1_225' title='bbox 639 3052 728 3110; x_wconf 89' lang='lat' dir='ltr'>dubio</span> <span class='ocrx_word' id='word_1_226' title='bbox 754 3053 889 3126; x_wconf 84' lang='lat' dir='ltr'>deposita</span> <span class='ocrx_word' id='word_1_227' title='bbox 913 3053 1076 3110; x_wconf 81' lang='lat' dir='ltr'>exstabant</span> <span class='ocrx_word' id='word_1_228' title='bbox 1116 3049 1195 3122; x_wconf 80' lang='lat' dir='ltr'>Ergo</span> 
     </span>
     <span class='ocr_line' id='line_1_31' title="bbox 201 3139 1196 3216; baseline 0.003 -20"><span class='ocrx_word' id='word_1_229' title='bbox 201 3142 228 3196; x_wconf 85' lang='lat' dir='ltr'>si</span> <span class='ocrx_word' id='word_1_230' title='bbox 244 3155 348 3196; x_wconf 84' lang='lat' dir='ltr'>verum</span> <span class='ocrx_word' id='word_1_231' title='bbox 366 3143 428 3216; x_wconf 86' lang='lat' dir='ltr'>est,</span> <span class='ocrx_word' id='word_1_232' title='bbox 451 3139 659 3197; x_wconf 84' lang='lat' dir='ltr'>bibliothecam</span> <span class='ocrx_word' id='word_1_233' title='bbox 676 3143 905 3200; x_wconf 85' lang='lat' dir='ltr'>Alexandrinam</span> <span class='ocrx_word' id='word_1_234' title='bbox 928 3159 1034 3214; x_wconf 80' lang='lat' dir='ltr'>magno</span> <span class='ocrx_word' id='word_1_235' title='bbox 1058 3142 1196 3201; x_wconf 89' lang='lat' dir='ltr'>incendio</span> 
     </span>
     <span class='ocr_line' id='line_1_32' title="bbox 202 3225 1196 3312; baseline 0.002 -26"><span class='ocrx_word' id='word_1_236' title='bbox 202 3231 336 3288; x_wconf 73' lang='lat' dir='ltr'>exustam</span> <span class='ocrx_word' id='word_1_237' title='bbox 364 3225 522 3312; x_wconf 81' lang='lat' dir='ltr'>esse¹¹⁸)=</span> <span class='ocrx_word' id='word_1_238' title='bbox 552 3245 612 3286; x_wconf 84' lang='lat' dir='ltr'>nna</span> <span class='ocrx_word' id='word_1_239' title='bbox 640 3246 706 3288; x_wconf 89' lang='lat' dir='ltr'>curn</span> <span class='ocrx_word' id='word_1_240' title='bbox 732 3231 833 3288; x_wconf 89' lang='lat' dir='ltr'>Attico</span> <span class='ocrx_word' id='word_1_241' title='bbox 868 3231 1003 3306; x_wconf 73' lang='lat' dir='ltr'>exemplo</span> <span class='ocrx_word' id='word_1_242' title='bbox 1033 3229 1196 3288; x_wconf 81' lang='lat' dir='ltr'>tabularum</span> 
     </span>
     <span class='ocr_line' id='line_1_33' title="bbox 201 3320 1196 3396; baseline 0.001 -18"><span class='ocrx_word' id='word_1_243' title='bbox 201 3321 292 3378; x_wconf 85' lang='lat' dir='ltr'>etiam</span> <span class='ocrx_word' id='word_1_244' title='bbox 309 3321 502 3395; x_wconf 85' lang='lat' dir='ltr'>interpretum</span> <span class='ocrx_word' id='word_1_245' title='bbox 521 3321 720 3380; x_wconf 88' lang='lat' dir='ltr'>commentarii</span> <span class='ocrx_word' id='word_1_246' title='bbox 738 3321 897 3396; x_wconf 90' lang='lat' dir='ltr'>perierunt.</span> <span class='ocrx_word' id='word_1_247' title='bbox 935 3320 1082 3393; x_wconf 82' lang='lat' dir='ltr'>Didymus</span> <span class='ocrx_word' id='word_1_248' title='bbox 1097 3323 1196 3379; x_wconf 84' lang='lat' dir='ltr'>eutem</span> 
     </span>
     <span class='ocr_line' id='line_1_34' title="bbox 200 3410 1196 3491; baseline -0.001 -21"><span class='ocrx_word' id='word_1_249' title='bbox 200 3411 260 3470; x_wconf 88' lang='lat' dir='ltr'>nisi</span> <span class='ocrx_word' id='word_1_250' title='bbox 279 3413 347 3470; x_wconf 83' lang='lat' dir='ltr'>ante</span> <span class='ocrx_word' id='word_1_251' title='bbox 365 3411 438 3470; x_wconf 89' lang='lat' dir='ltr'>illud</span> <span class='ocrx_word' id='word_1_252' title='bbox 456 3413 570 3487; x_wconf 88' lang='lat' dir='ltr'>tempus</span> <span class='ocrx_word' id='word_1_253' title='bbox 589 3410 711 3471; x_wconf 82' lang='lat' dir='ltr'>Romam</span> <span class='ocrx_word' id='word_1_254' title='bbox 730 3410 763 3470; x_wconf 79' lang='lat' dir='ltr'>s&#39;e</span> <span class='ocrx_word' id='word_1_255' title='bbox 781 3413 952 3491; x_wconf 86' lang='lat' dir='ltr'>contulerit,</span> <span class='ocrx_word' id='word_1_256' title='bbox 972 3429 1065 3488; x_wconf 91' lang='lat' dir='ltr'>eoque</span> <span class='ocrx_word' id='word_1_257' title='bbox 1085 3411 1196 3486; x_wconf 86' lang='lat' dir='ltr'>scripta</span> 
     </span>
     <span class='ocr_line' id='line_1_35' title="bbox 201 3499 1197 3582; baseline -0.002 -22"><span class='ocrx_word' id='word_1_258' title='bbox 201 3519 255 3560; x_wconf 88' lang='lat' dir='ltr'>sua</span> <span class='ocrx_word' id='word_1_259' title='bbox 274 3499 471 3577; x_wconf 86' lang='lat' dir='ltr'>deportaverit</span> <span class='ocrx_word' id='word_1_260' title='bbox 494 3502 607 3581; x_wconf 88' lang='lat' dir='ltr'>omnia,</span> <span class='ocrx_word' id='word_1_261' title='bbox 632 3507 711 3563; x_wconf 86' lang='lat' dir='ltr'>certe</span> <span class='ocrx_word' id='word_1_262' title='bbox 731 3504 790 3582; x_wconf 84' lang='lat' dir='ltr'>eis,</span> <span class='ocrx_word' id='word_1_263' title='bbox 816 3505 885 3580; x_wconf 88' lang='lat' dir='ltr'>quia</span> <span class='ocrx_word' id='word_1_264' title='bbox 902 3505 935 3562; x_wconf 91' lang='lat' dir='ltr'>in</span> <span class='ocrx_word' id='word_1_265' title='bbox 951 3504 1028 3563; x_wconf 83' lang='lat' dir='ltr'>rivis</span> <span class='ocrx_word' id='word_1_266' title='bbox 1047 3505 1126 3581; x_wconf 87' lang='lat' dir='ltr'>erat,</span> <span class='ocrx_word' id='word_1_267' title='bbox 1150 3501 1197 3559; x_wconf 91' lang='lat' dir='ltr'>bi·</span> 
     </span>
     <span class='ocr_line' id='line_1_36' title="bbox 200 3591 1196 3673; baseline 0 -21"><span class='ocrx_word' id='word_1_268' title='bbox 200 3591 376 3654; x_wconf 87' lang='lat' dir='ltr'>bliothecam</span> <span class='ocrx_word' id='word_1_269' title='bbox 393 3593 523 3656; x_wconf 87' lang='lat' dir='ltr'>nondum</span> <span class='ocrx_word' id='word_1_270' title='bbox 541 3595 669 3655; x_wconf 84' lang='lat' dir='ltr'>donavit.</span> <span class='ocrx_word' id='word_1_271' title='bbox 695 3596 880 3673; x_wconf 88' lang='lat' dir='ltr'>Quapropter</span> <span class='ocrx_word' id='word_1_272' title='bbox 899 3611 1027 3656; x_wconf 84' lang='lat' dir='ltr'>summus</span> <span class='ocrx_word' id='word_1_273' title='bbox 1039 3595 1088 3654; x_wconf 90' lang='lat' dir='ltr'>ille</span> <span class='ocrx_word' id='word_1_274' title='bbox 1100 3607 1196 3667; x_wconf 77' lang='lat' dir='ltr'>grain·</span> 
     </span>
    </p>
   </div>
   <div class='ocr_carea' id='block_1_9' title="bbox 146 3785 1193 3954">
    <p class='ocr_par' dir='ltr' id='par_1_10' title="bbox 146 3785 1193 3954">
     <span class='ocr_line' id='line_1_37' title="bbox 146 3785 1193 3871; baseline -0.002 -17"><span class='ocrx_word' id='word_1_275' title='bbox 146 3785 152 3802; x_wconf 66' lang='grc'><em>“</em></span> <span class='ocrx_word' id='word_1_276' title='bbox 267 3803 329 3868; x_wconf 71' lang='lat'>818)</span> <span class='ocrx_word' id='word_1_277' title='bbox 347 3803 405 3856; x_wconf 75' lang='lat' dir='ltr'>cfr.</span> <span class='ocrx_word' id='word_1_278' title='bbox 421 3803 558 3869; x_wconf 83' lang='lat' dir='ltr'>Partiey:</span> <span class='ocrx_word' id='word_1_279' title='bbox 580 3804 728 3858; x_wconf 78' lang='lat' dir='ltr'>Alexandr.</span> <span class='ocrx_word' id='word_1_280' title='bbox 750 3807 823 3858; x_wconf 79' lang='lat' dir='ltr'>Mur.</span> <span class='ocrx_word' id='word_1_281' title='bbox 845 3819 871 3870; x_wconf 87' lang='lat' dir='ltr'>p.</span> <span class='ocrx_word' id='word_1_282' title='bbox 890 3805 921 3858; x_wconf 83' lang='lat' dir='ltr'>st</span> <span class='ocrx_word' id='word_1_283' title='bbox 939 3817 998 3871; x_wconf 79' lang='lat' dir='ltr'>sqq.</span> <span class='ocrx_word' id='word_1_284' title='bbox 1014 3801 1134 3868; x_wconf 83' lang='lat' dir='ltr'>liltppcl:</span> <span class='ocrx_word' id='word_1_285' title='bbox 1151 3803 1193 3854; x_wconf 78' lang='lat' dir='ltr'>Al.</span> 
     </span>
     <span class='ocr_line' id='line_1_38' title="bbox 199 3884 456 3954; baseline 0 -18"><span class='ocrx_word' id='word_1_286' title='bbox 199 3884 272 3937; x_wconf 71' lang='lat' dir='ltr'>Mars.</span> <span class='ocrx_word' id='word_1_287' title='bbox 288 3899 316 3950; x_wconf 89' lang='lat' dir='ltr'>p.</span> <span class='ocrx_word' id='word_1_288' title='bbox 333 3885 383 3938; x_wconf 73' lang='grc'>186</span> <span class='ocrx_word' id='word_1_289' title='bbox 399 3900 456 3954; x_wconf 80' lang='lat' dir='ltr'>sqq.</span> 
     </span>
    </p>
   </div>
   <div class='ocr_carea' id='block_1_10' title="bbox 0 0 1458 4712">
    <p class='ocr_par' dir='ltr' id='par_1_11' title="bbox 0 0 1458 4712">
     <span class='ocr_line' id='line_1_39' title="bbox 0 0 1458 4712; baseline 0 0"><span class='ocrx_word' id='word_1_290' title='bbox 0 0 1458 4712; x_wconf 95' lang='lat' dir='ltr'> </span> 
     </span>
    </p>
   </div>
  </div>
 </body>
</html>
