2790 4712
510 407 719 472 ..ae...

634 508 640 520 1

112 567 169 624 sei
186 565 306 642 immi,
324 581 420 642 nemo,
441 569 663 646 quantumst),
682 571 850 644 interpretis
861 577 1113 634 mereturnomen.

112 659 224 730 hicque
243 659 355 733 tamen,
381 658 433 716 ubi
450 659 643 744 interpretum
661 660 812 722 historiam
837 664 1060 742 conscribimus,
1079 666 1114 726 ils

112 749 214 806 losum
231 748 400 806 memoriam
417 749 565 820 negligere
585 750 732 810 dehemus.
967 742 975 751 '

195 841 261 896 Jarn
290 855 361 896 vero
390 839 430 896 ad
460 840 639 912 singulorum
666 843 859 915 interpretum
886 843 1039 900 historiam
1066 859 1113 900 me

112 931 235 986 omnicro
253 929 500 990 conscribendam.
538 932 636 1005 Atque
655 932 697 988 ita
715 948 778 990 rein
796 947 897 1009 agam,
909 938 965 1009 nt,
991 951 1114 1007 quorum

111 1023 188 1080 nota
205 1019 339 1078 omnihus
358 1037 453 1094 neque
473 1021 644 1083 addubitata
661 1022 723 1082 vita
740 1026 879 1096 aetasque
898 1026 949 1084 aut
974 1025 1025 1082 nbi
1043 1027 1113 1082 novi

111 1109 282 1168 meliorisve
301 1111 377 1168 nihil
394 1111 477 1185 potui
495 1112 644 1189 invenire,
665 1129 765 1172 eorum
784 1117 896 1172 tantum
914 1115 1018 1172 merita
1037 1130 1119 1188 quac·

110 1201 147 1256 in
172 1205 234 1258 tres
253 1201 391 1273 Tragicos
417 1202 555 1262 habuisse
580 1203 750 1280 videantur,
777 1204 954 1262 adoniram.
994 1205 1112 1262 Cetero-

112 1292 190 1365 quin
207 1292 297 1350 etiam
315 1292 352 1350 de
370 1293 433 1350 vita
444 1293 632 1366 'quorundam
651 1295 904 1366 grammaticorum
915 1298 1003 1368 atque
1023 1294 1112 1352 inter·
1189 1287 1190 1294 '

113 1385 233 1460 pretam
257 1399 352 1455 panea
369 1383 495 1443 weram
515 1415 555 1428 -
572 1385 663 1460 ram,
689 1385 822 1458 quidde
847 1385 1000 1443 universae
1026 1385 1112 1454 hujus

112 1473 237 1544 periodi
249 1473 347 1530 indole
362 1473 496 1543 jndicem.
509 1492 544 1532 ae
562 1478 667 1536 murra
686 1479 724 1537 et
734 1475 820 1534 initio
838 1467 1111 1550 mjus'scriptionis

112 1564 274 1622 memoravi
292 1566 379 1636 etque
398 1565 473 1624 inira
491 1565 593 1639 paucis
611 1566 706 1626 denuo
725 1567 886 1626 delineaho.
905 1597 945 1616 -

189 1653 381 1727 Peripatetici
396 1656 483 1729 prins
509 1659 577 1714 sunt
601 1657 690 1714 trium
714 1657 902 1728 Tragicornru
926 1659 1111 1734 interpretes,

114 1743 203 1814 primi
221 1743 341 1817 inquam
359 1745 413 1818 qui
429 1746 621 1818 interpretum
637 1764 744 1808 nomen
763 1748 820 1805 sibi
838 1748 988 1810 vindicent
1000 1743 1084 1824 Μ),

190 1833 414 1906 Aristotelea
441 1833 627 1930 Slayt'rt'la
654 1867 715 1908 non
744 1867 803 1907 nno
827 1851 904 1910 loco
917 1851 1111 1910 nominandus

116 1948 163 2001 est
177 1943 248 2025 ¹⁰⁴).
268 1975 308 2026 ·.··
326 1945 469 2021 Operam,
498 1959 585 2018 quani
612 1947 661 2002 air
681 1946 731 2001 ille
756 1945 965 2018 praercliqnis
985 1959 1113 1999 summus

115 2035 304 2105 Tragioornm
322 2035 633 2111 fabulisimpenderit,
653 2035 822 2108 bipartitam
839 2035 941 2110 luisse,
961 2037 1051 2106 atqua
1068 2033 1112 2092 hi·

116 2125 256 2182 storicnnr
277 2125 416 2200 alterum,
447 2126 569 2182 alteram
593 2126 783 2184 eusthaticam
813 2126 896 2184 heile
922 2125 1111 2184 demonstras.

114 2216 192 2272 Num
211 2215 328 2288 utrique
345 2209 557 2288 interpretandi
575 2216 681 2271 rationi
701 2210 790 2284 etium¹
805 2215 906 2272 critica
917 2211 1038 2272 accedat
1050 2215 1111 2270 sire
1207 2205 1218 2216 “

115 2303 213 2380 potins
238 2305 410 2381 accesserit,
439 2305 562 2377 posthac
586 2304 759 2364 ridebimus.
780 2337 819 2351 ·-
845 2305 926 2363 luter
954 2305 1118 2364 historicae»
1232 2338 1236 2346 ·

116 2396 363 2469 interpretationis
383 2395 542 2469 specimina
560 2395 632 2452 illud
656 2412 777 2456 numero
796 2413 886 2472 opus,
913 2397 991 2470 quod
1009 2395 1111 2452 inscri-

116 2489 199 2560 ptum
229 2487 299 2543 mit:
324 2479 535 2542 Διδασκαλίαι.
561 2517 601 2530 -
630 2488 676 2543 Dc
701 2486 895 2542 monumentis
926 2485 1110 2544 didascalicis

118 2576 210 2647 deque
223 2573 361 2648 operibns
374 2566 574 2631 διδασκαλιῶν
586 2575 724 2645 permulti
737 2575 915 2648 scripserunt
930 2571 1002 2657 ¹⁰⁸).
1022 2569 1118 2645 Equi·u

118 2664 183 2725 dem
207 2663 250 2719 ita
275 2663 311 2718 de
338 2661 503 2717 didascaliis
528 2677 629 2738 agam,
660 2666 693 2719 ut
718 2663 843 2735 primum
862 2661 899 2717 de
917 2663 1111 2717 monumentis

118 2751 338 2812 didascaliurnm
369 2749 510 2808 disseram
541 2751 635 2824 deque
666 2753 803 2826 operibns
829 2751 1012 2810 didascalicis
1037 2751 1112 2806 anti·

118 2843 278 2918 quissimis:
304 2841 432 2900 secundo
451 2841 488 2898 de
508 2844 700 2919 argumentis,
720 2858 794 2918 qnae
814 2841 958 2914 hodieque
976 2841 1110 2916 legimns,

118 2944 268 3012 exponam,
289 2931 433 3008 quomodo
452 2947 490 2993 ex
508 2933 636 3008 antiquis
655 2933 713 2990 iilis
732 2931 870 3009 operibus
889 2933 992 2990 exorta
1004 2930 1110 3008 probu-
1147 2959 1151 2976 =

117 3025 212 3084 bilitcr
231 3023 298 3084 sint.
705 3055 709 3060 -

119 3166 214 3222 nudos·
223 3169 336 3220 actores
352 3166 434 3214 alm
450 3163 634 3214 Bibliothecae
643 3163 770 3215 Gmccus
786 3167 924 3215 auctores-
934 3162 962 3214 iu
974 3161 1116 3229 catalogo·

119 3243 293 3310 ’lmgiourum
310 3245 514 3308 deperditarum
530 3245 605 3308 (Vol.
621 3245 654 3294 ii:
672 3248 713 3300 ed.
732 3245 820 3309 ilari.)
836 3243 969 3296 afferasne.

166 3327 244 3391 Ἣ)
262 3327 375 3378 mairo
392 3327 482 3378 omnis
498 3321 571 3390 ipnd
586 3328 712 3379 Graccus
727 3316 927 3390 interpretandi
949 3327 1076 3377 domnos
1093 3339 1115 3376 a

121 3410 284 3475 philosophis
302 3409 432 3473 originem
450 3409 533 3459 ducit.
550 3409 632 3460 Primi
650 3407 820 3477 grammatici
835 3409 990 3472 philosophi
1003 3395 1077 3460 sunt.

181 3491 244 3554 rus)
266 3490 359 3542 Vitam
378 3489 478 3542 summi
494 3493 645 3554 philosophi
669 3494 770 3556 optime
794 3503 838 3542 me
864 3491 1110 3542 uceciensem

77 3577 80 3582 '
121 3575 201 3626 iihro:
217 3573 387 3639 Artemis,
404 3574 469 3624 Vsol.
486 3574 508 3624 l.

181 3657 245 3721 itit)
260 3657 376 3719 hoqncr
390 3657 425 3707 da
441 3656 641 3708 mundanum
658 3657 838 3721 amassai
847 3655 1021 3720 canamus,
1037 3653 1065 3703 J.
1077 3654 1110 3703 a.

121 3738 232 3804 vassis,
253 3735 398 3804 musmo,
414 3738 527 3806 sesac,
544 3737 700 3806 womero,
717 3738 879 3803 herivalle,
900 3737 988 3798 daque
1009 3743 1111 3784 mecn-
1200 3805 1202 3810 .

123 3821 228 3874 mimi·
245 3823 416 3887 lemma,
439 3820 591 3888 hemia,
608 3820 727 3887 Maiis,
744 3820 815 3872 aliia
848 3820 971 3880 Quorum
993 3816 1115 3870 matum

123 3905 344 3956 sermocinante
361 3903 433 3955 loeis
451 3900 574 3958 afferam.
