2790 4712
289 549 451 620 lusitasse
467 547 670 625 l'regieorum,
689 551 762 622 puto
780 547 869 606 etiam
886 545 1024 630 Aeschyli
1044 547 1169 623 scripsit
1215 551 1322 612 Nm

289 642 370 716 quod
394 641 554 712 Aeschylus
579 657 598 697 a
622 641 711 698 Sexto
734 653 796 696 non
818 640 994 698 memoratur
1018 640 1148 711 proiecto
1175 641 1323 700 nullisnev

289 731 431 788 momenti
449 734 503 788 est
531 731 637 788 Gravis
655 731 706 788 illa
723 734 811 804 poete
829 731 998 812 ιιεριιιιιειςι
1013 729 1221 788 mesaneos
1242 749 1316 806 per

213 855 217 868 ·
289 823 407 882 ultimos
425 825 538 880 mnium
555 821 634 878 vitae
653 836 744 878 annos
763 821 884 878 neusin
901 819 1006 878 fabulis
1031 821 1086 878 est
1128 820 1165 878 ln
1190 822 1310 880 Circe·

288 913 389 986 phoris
414 917 535 986 parvum
560 912 708 986 specimen
731 913 912 990 περιπετείας
936 913 1024 983 atque
1048 908 1306 990 ἀναγνωρίσεως.

288 1004 499 1077 -llnicuique
510 1005 617 1062 ,autem
636 1002 821 1077 didascaliae,
841 1001 903 1059 sive
922 1015 977 1073 pro
994 999 1117 1058 arbitrio
1135 1003 1304 1076 excerpit

289 1109 356 1168 eas,
387 1094 450 1152 sive
481 1095 608 1164 integrus
640 1093 838 1166 transcripsit,
876 1090 1039 1162 argumenti
1069 1091 1299 1150 enarrationem

287 1183 474 1252 subiuncturus
491 1201 556 1240 esse
575 1184 640 1240 veri
659 1184 843 1242 simillimum.
882 1182 950 1255 Ipse
969 1197 1050 1256 vem,
1069 1183 1103 1237 ui
1113 1181 1294 1240 Aristotelis

287 1273 405 1331 auditor
422 1275 547 1334 Athenis
565 1278 773 1350 commoratus,
794 1272 920 1345 genuina
938 1271 1160 1330 didesealiarum
1178 1287 1292 1330 monn·

288 1367 404 1439 mente,
429 1365 488 1422 nisi
513 1366 711 1438 praeceptoris
730 1381 819 1439 opere
845 1364 889 1421 uti
907 1362 1057 1437 maluerit,
1083 1361 1158 1418 bene
1183 1365 1291 1436 potuit

288 1453 457 1525 conspicere
476 1458 506 1510 et
525 1456 728 1512 transcribere.
768 1457 905 1512 ceterum
923 1452 1058 1528 Suidam,
1077 1452 1129 1526 qui
1147 1457 1289 1512 veterum

287 1544 466 1600 Graecorum
490 1544 599 1616 scripta
621 1549 684 1602 tem
706 1545 887 1615 negligenter
905 1546 1071 1618 enumerat,
1089 1557 1150 1600 nou
1172 1559 1286 1602 moror.

285 1663 325 1676 «-
341 1633 419 1692 Nom
438 1633 582 1706 hodieque
602 1649 618 1688 e
643 1633 822 1692 Dicaearchi.
840 1649 930 1706 opere
949 1634 1096 1707 supersint
1119 1631 1288 1705 cucusam

285 1723 415 1781 nescitur
428 1717 499 1804 ΜΗ).
545 1723 691 1789 Quantum
715 1723 925 1797 posterioribus
946 1728 1182 1798 ‚argumentorum
1207 1726 1285 1799 ιιι-ις

284 1813 419 1885 ptoribus
446 1813 586 1872 auxilium
616 1815 812 1890 praestiterit,
844 1813 928 1872 laeda
957 1815 1084 1888 colligas
1139 1813 1283 1874 Videmus

285 1902 411 1975 denique
431 1921 447 1960 e
466 1904 538 1960 locis
558 1919 646 1977 supra
663 1904 807 1980 laudatis,
830 1907 1009 1977 quantopere
1033 1905 1176 1976 genuinae
1195 1905 1281 1962 dide·

285 1994 390 2050 sealiae
405 1994 468 2062 jam
485 1995 652 2052 Aristotelis
671 1999 804 2068 tempore
821 1998 1015 2066 excerpuntur
1032 1995 1172 2070 varioque
1190 1995 1280 2054 modo

282 2085 492 2154 permutantur.
531 2084 701 2142 Videbimus
721 2101 771 2140 eas
790 2084 940 2158 paullatim
958 2084 1000 2142 ita
1018 2085 1144 2161 aboleri,
1170 2089 1203 2140 ut
1225 2085 1278 2142 vix

283 2173 373 2230 ullum
391 2174 534 2242 genuinae
554 2174 727 2230 didascalice
747 2178 964 2234 monumentum
982 2173 1069 2232 bodie
1081 2175 1219 2248 reperias.
1237 2207 1277 2222 -

281 2263 431 2424 Ηιιῐιῦιιε
450 2263 486 2318 de
505 2263 685 2320 Dicaearcho
704 2264 905 2336 Perimtetico.
925 2293 965 2308 -·-

399 2353 580 2427 meotides
621 2354 852 2429 Heracleote
893 2355 1076 2431 Pontiae
1112 2371 1272 2432 illustribus

281 2467 459 2522 Graecorum
477 2465 574 2538 poetis
593 2468 714 2524 multum
734 2468 853 2526 studuit.
880 2471 924 2526 Eo
944 2474 1051 2545 tamen,
1073 2467 1271 2542 quodprimua
1392 2461 1394 2525 i

281 2555 317 2611 de
343 2555 436 2612 tribus
455 2557 622 2628 tragoediae
641 2558 821 2633 principibus
846 2554 935 2640 (quos
960 2558 1019 2616 κατ’
1046 2553 1150 2634 ἐξοχὴν
1174 2559 1269 2631 appel·
1392 2621 1393 2640 ἶ

279 2646 322 2702 lat
340 2645 409 2717 τούς
428 2643 687 2731 τραγῳδοποιούς)
707 2651 882 2721 singularem
900 2651 1006 2708 librum
1019 2649 1191 2724 composuit,
1211 2665 1268 2706 nra·

278 2738 356 2793 xime
375 2739 499 2809 insignis
512 2743 566 2795 est.
605 2741 678 2805 Quis
692 2741 770 2796 enim
782 2741 986 2811 intelligendus
999 2744 1054 2816 est,
1073 2739 1132 2796 nisi
1143 2740 1268 2811 Aeschy-

278 2827 323 2882 lus
353 2830 384 2882 et
413 2829 568 2901 Sophocles
598 2832 629 2885 et
656 2827 833 2903 Euripidesi
878 2831 1056 2889 videmusne
1085 2830 1267 2900 Tragioorurn
1391 2823 1392 2868 ἶ

277 2915 425 2988 principes
454 2921 557 2989 poetas
581 2917 708 2991 reliquos
733 2921 775 2975 ita
803 2921 952 2977 celerrime
982 2937 1135 2996 superasse
1160 2923 1191 2975 ut
1206 2921 1266 2989 jam

276 3004 328 3059 illo
353 3006 484 3077 ternpore
511 3007 604 3082 τριῶν
621 3001 853 3085 τραγῳδοποιῶν
872 3010 1024 3067 haberent.
1038 3011 1196 3082 gloriosum
1217 3025 1264 3066 eo·

277 3090 423 3163 gnomoni
462 3096 547 3173 Certe
575 3096 647 3152 mihi
680 3099 850 3168 argumento
879 3103 909 3154 et
937 3101 992 3158 boc
1020 3105 1066 3159 est
1093 3104 1126 3157 ut
1154 3105 1264 3175 praeter

275 3183 364 3241 trium
387 3185 576 3258 Tragicorum
604 3186 715 3245 fabulas
743 3187 920 3262 reliquorum
948 3191 1016 3249 iliae
1044 3196 1156 3250 tantum
1180 3193 1262 3248 semel

341 3463 401 3528 iti)
420 3467 513 3534 loire,
536 3469 582 3520 nbi
606 3472 639 3522 de
655 3471 848 3534 ⁴Aristophanis
872 3473 1000 3537 operibns
1023 3474 1147 3540 disputo,
1177 3471 1259 3523 derue

274 3563 333 3601 rem
351 3557 468 3618 tangam.
502 3557 627 3615 Quonam
638 3559 718 3610 tltrdo
729 3574 799 3612 usus
811 3567 853 3616 est
863 3563 934 3614 liber
943 3553 1125 3615 Dicaearchi?
1152 3545 1256 3610 Arduo-

270 3632 391 3708 rruisoiq
401 3657 500 3696 nomeu
510 3645 538 3695 el
549 3658 603 3698 non
615 3646 687 3698 dedit
698 3648 803 3712 opinor.
837 3652 972 3704 Fortasse
984 3653 1009 3704 el
1023 3651 1077 3702 ltrit
1092 3641 1256 3704 ὑποθέσεων

271 3733 384 3775 nomen:
402 3732 509 3778 certum
526 3731 613 3782 multo
629 3731 717 3795 magis
736 3733 762 3781 el
779 3733 953 3800 conveniret,
969 3737 994 3784 st
1011 3740 1089 3786 recte
1105 3733 1166 3786 libri
1181 3739 1255 3786 ratr-

270 3815 329 3855 rum
346 3809 482 3870 perspexi.
500 3829 533 3852 h-
550 3814 591 3863 lle
614 3814 728 3878 reliquls
745 3813 907 3879 Dimearclri
927 3817 1038 3880 scriptis
1057 3816 1119 3870 vide
1135 3813 1254 3871 duetbsi·

152 3923 156 3928 .
270 3899 341 3938 mum
359 3891 502 3944 llaelriuru.
763 3917 767 3929 ·
