2908 4712
540 355 747 420 ...97-

148 525 226 598 rent,
244 518 404 594 excerpsit:
429 519 472 576 ite
490 519 618 578 Musunii
642 520 707 578 Ruti
732 535 805 594 opus
830 527 918 595 supra
942 522 1097 583 laudatum
1110 515 1141 583 hi

148 615 286 686 quartum
303 611 492 686 quintumque
511 611 675 682 eclogarum
690 611 805 678 ,librum
834 611 1020 683 commigrare
1041 617 1140 688 jussit.

150 705 248 792 Atque
272 703 389 778 omnino
413 702 581 758 universum
610 697 714 758 aetatis
742 718 813 758 suae
837 702 987 772 ingenium
1011 707 1140 786 exhibet,

73 816 75 820 ·
148 795 233 866 cujus
252 793 473 868 erat-loquor
491 793 527 855 de
547 792 919 864 'grammaticis-aliorum
939 793 1016 876 dieta
1034 800 1141 871 compi·

150 884 227 961 lare,
246 901 306 941 non
324 886 442 962 propria
460 899 588 957 pangere
606 883 704 940 verba
724 915 763 928 -·-

223 975 264 1033 At
277 975 390 1052 eodem,
409 975 536 1050 inquies,
551 975 617 1045 jnre
631 989 688 1048 quo
701 973 875 1050 Helladium,
887 974 1050 1051 Sopatrum,
1070 975 1142 1034 alios

149 1051 374 1142 nominaverim,
394 1067 602 1140 permultorum
619 1065 796 1122 mentionem
814 1067 848 1120 ut
865 1064 968 1120 faciam
986 1067 1154 1138 oportebit.-

151 1152 258 1221 Quidl.
286 1157 391 1214 Nonne
418 1157 543 1231 Pollucis
562 1155 796 1231 Onomasticum,
824 1154 985 1230 Athenaei,
1014 1157 1142 1234 Stobaei,

72 1332 75 1338 ἱ
152 1261 288 1320 similium
307 1265 431 1340 scripta,
457 1280 518 1321 non
541 1263 668 1320 illustres
685 1261 926 1341 lexicographos,
961 1245 1143 1343 Pamphi·
1236 1325 1237 1332 χ

151 1359 324 1458 ΜΡΝ),
344 1375 461 1434 Aelium
479 1375 668 1452 Dionysium,
697 1375 899 1451 Apollonium,
911 1377 1143 1459 ·Diogenianum,

151 1471 224 1528 alios
243 1472 425 1547 innumeros,
450 1487 547 1527 nonne
565 1469 718 1546 metricos,
742 1469 883 1537 musicos,
896 1545 898 1553 Ι
909 1468 981 1524 artis
1000 1470 1142 1550 poeticae,

150 1561 291 1620 historiae
310 1562 470 1619 litterariae
490 1563 623 1619 auctores
642 1577 761 1635 prorsus
787 1559 892 1615 eodem
910 1557 977 1629 jure
1003 1560 1143 1618 debemus
1219 1635 1225 1647 ,

151 1649 341 1709 enumeraret
379 1653 486 1710 Fateor
516 1652 736 1727 quodammodo.
775 1651 907 1724 Namque
933 1649 1075 1722 inprimis
1089 1668 1144 1724 per

150 1739 225 1797 hanc
243 1743 491 1815 interpretationis
512 1745 640 1802 Graecae
660 1744 788 1798 aetatem
805 1741 967 1797 lexicorum
985 1743 1015 1796 et
1033 1741 1143 1812 glossa·

149 1819 276 1887 riorum
290 1847 428 1888 numerus
453 1832 558 1887 mirum
583 1834 722 1904 quantum
747 1830 887 1890 adauctus
912 1833 966 1891 est.
1004 1832 1144 1904 Attamen

151 1922 211 1978 fere
231 1937 348 1998 omnes,
373 1937 411 1977 ne
437 1919 531 1978 dicam
555 1921 594 1977 ad
612 1937 702 1982 unum
721 1937 821 1977 ornnes
841 1919 878 1978 ob
904 1921 1014 1978 ahenas
1040 1939 1143 1980 causas
1239 1947 1244 1958 ·

150 2011 335 2086 interpretati
352 2010 490 2083 Tragicos
510 2015 586 2068 sunt.
627 2013 712 2068 Certe
732 2011 844 2082 J'ustum
867 2011 1057 2084 interpretem
1075 2015 1144 2088 post

150 2102 308 2174 Didymum
326 2103 465 2172 Magnum
482 2101 596 2158 laudari
614 2101 714 2158 nescio
738 2104 854 2174 praeter
873 2101 1036 2160 Soteridam
1060 2105 1143 2174 curius

151 2194 249 2248 tamen
266 2191 426 2266 ὑπόμνημα
445 2207 503 2264 qua
527 2190 645 2248 tandem
668 2190 765 2247 indole
790 2191 878 2252 hierit
902 2190 1060 2248 etianmum
1083 2178 1144 2250 am·

149 2281 227 2354 bigo.
266 2283 340 2340 Puto
365 2283 443 2338 enim
467 2280 547 2339 idem
570 2281 715 2356 Didymeo
746 2280 789 2336 illi
819 2280 858 2342 ad
883 2298 1025 2339 summum
1050 2283 1143 2344 simile

149 2371 251 2430 luisse.

223 2465 290 2518 Jam
308 2479 378 2518 vero
403 2463 578 2536 anteaquam
601 2461 818 2518 recentissimos
843 2461 932 2522 trium
955 2463 1143 2534 Tragicorum
1225 2457 1258 2518 .’
1307 2467 1310 2481 ’

148 2550 323 2624 interpretes
350 2555 379 2607 et
403 2550 638 2623 chlcographos
666 2552 839 2626 superstites
864 2569 1017 2630 enumero,
1045 2557 1079 2608 ut
1106 2555 1143 2612 de

148 2641 221 2714 ipsis
248 2631 427 2716 scholiastis,
457 2641 507 2714 qui
526 2642 643 2714 proprie
670 2642 713 2699 sic
732 2642 881 2719 dicuntur,
912 2643 1143 2718 scholiorumque

85 2743 88 2750 ⁴
149 2730 366 2788 collectionibus
392 2731 524 2805 pluribus
544 2731 700 2808 disseram,
730 2735 893 2806 temporum
911 2735 1039 2806 postulat
1057 2736 1142 2792 ratio.

150 2822 244 2888 Quam
263 2821 381 2895 quidem
400 2813 628 2894 disputationem
650 2823 694 2878 ita
712 2823 879 2900 instituam,
904 2827 938 2880 ut
962 2825 1087 2898 primum
1106 2817 1143 2882 de

148 2912 221 2985 ipsis
242 2911 359 2968 scholiis
378 2912 411 2968 in
429 2915 489 2969 tres
508 2914 647 2986 'I'ragicos
673 2913 878 2986 superstitibus
904 2931 1061 2989 eorumque
1080 2905 1143 2972 fon-

148 3002 237 3079 tibus,
257 3003 434 3079 auctoribus,
455 3004 544 3059 variis
564 3003 741 3060 editionibus
761 3020 921 3080 exponam3
948 3004 1053 3061 deinde
1072 3021 1142 3065 vero

149 3100 206 3166 q'uo
233 3093 357 3154 fortasse
387 3093 524 3150 certiores
554 3094 591 3150 de
619 3094 786 3152 auctoribus
816 3095 1009 3170 singulorum,
1040 3095 1143 3152 saltem

110 3207 112 3212 .
149 3184 352 3238 nonnullorum
371 3182 546 3241 scholiorum
564 3185 675 3260 fiamus,
697 3199 741 3258 ca,
762 3200 837 3257 quae
854 3183 1054 3266 lexicographi
1074 3202 1142 3259 sup·

149 3270 282 3348 peditent
301 3273 482 3344 comparabo.
501 3304 542 3316 -
669 3281 672 3286 ’

225 3361 289 3428 Quo
307 3361 486 3434 frequentius
505 3358 679 3420 scholiastae
690 3362 823 3417 veterum
840 3358 1042 3438 interpretum,
1062 3365 1142 3420 vete·

148 3468 213 3512 rum
232 3451 350 3513 omnino
370 3452 543 3530 scriptorum
561 3453 739 3513 mentionem
756 3449 877 3530 faciunt,
897 3465 933 3508 eo
952 3452 1073 3513 meliora
1090 3469 1142 3510 nc·

112 3599 115 3608 ¹
149 3612 348 3626 —m

216 3695 279 3756 too)
304 3695 460 3760 Pamphilus
482 3684 575 3761 λέξεις
592 3685 748 3766 Αἰσχύλου
771 3695 967 3760 conputas.
989 3694 1085 3746 nuche
1107 3695 1141 3745 da

83 3881 85 3886 Ι
148 3776 352 3924 zeacum·
377 3793 404 3845 p.
431 3777 464 3830 ti
489 3793 549 3846 sqq.
574 3781 710 3834 Wclcker
733 3780 763 3834 iu
786 3782 857 3832 Nou.
879 3780 952 3832 hius·
973 3777 1059 3874 Eheu.
1075 3777 1099 3828 lt
1115 3791 1141 3841 p

973 3925 989 3980 7
