2790 4712
307 495 472 573 redderent,
490 495 538 552 vel
549 511 614 552 oum
626 494 822 568 antiquiorum
837 497 992 568 poetarum
1010 495 1158 572 operibus,
1178 496 1332 574 mythis,

308 587 471 645 fictionibus
498 587 705 660 compararent.
749 587 796 644 Sic
820 586 869 643 via
895 585 1021 662 quadam
1038 587 1163 662 naturali
1184 587 1332 663 prodie-

307 682 376 735 runt
393 693 482 753 opera
499 677 682 754 didascalica,
702 666 790 752 opera
809 677 845 734 de
864 679 973 750 mythis
993 679 1165 750 tragicorum
1179 682 1215 735 et
1229 695 1327 752 quae

309 771 377 826 sunt
403 769 515 826 similia.
567 769 675 844 Verum
704 770 828 843 apparet
861 769 1079 826 conscribendis
1110 769 1198 826 simul
1231 770 1323 843 ipsis

306 863 459 936 poetarum
485 860 554 917 vitis
582 859 743 933 complures
770 860 951 933 impendisse
982 873 1088 932 euram.
1140 859 1246 917 Etiam
1281 860 1321 916 hi

308 953 461 1008 maximam
488 953 601 1024 partem
625 950 776 1007 historicas
795 967 843 1007 res
862 951 1060 1026 attingebant,
1086 951 1128 1008 ita
1146 953 1254 1006 temen
1276 954 1318 1006 ut

309 1043 345 1099 de
369 1045 435 1117 ipsa
457 1042 644 1112 'liagieorum
667 1040 773 1098 virtute
797 1041 880 1114 loqui
905 1045 935 1098 et
952 1043 1073 1116 possent
1094 1043 1125 1098 et
1146 1041 1313 1098 deberent.

307 1133 391 1190 Unde
410 1131 447 1189 ad
465 1131 654 1201 aesthetiqam
671 1132 942 1207 interpretationem
959 1117 1109 1206 progressi
1119 1134 1203 1189 sunt:
1223 1148 1312 1206 quae
1373 1151 1374 1156 ¹

310 1224 427 1298 quidem
451 1225 563 1300 floruit,
588 1209 743 1298 postquam
766 1224 849 1297 ipsae
874 1223 988 1283 fabulae
1015 1223 1063 1294 agi
1088 1223 1200 1308 desitas
1222 1213 1314 1306 suut:

308 1316 367 1374 Ubi
385 1314 462 1372 enim
478 1316 545 1388 ipsa
563 1318 694 1390 spectare
714 1315 845 1371 dramata
871 1313 1044 1386 denegatum
1063 1316 1140 1390 erat,
1168 1313 1306 1387 pulchri-

308 1406 439 1463 tudinem
462 1423 562 1462 eorum
581 1423 615 1463 ae
633 1407 840 1480 praestantiam
864 1405 978 1479 seriptis
997 1421 1112 1461 servare
1130 1404 1305 1477 publioique

304 1497 379 1568 juris
405 1496 560 1554 studebant
583 1497 686 1571 faeere.
730 1496 787 1554 Sed
811 1495 952 1570 temporis
965 1495 1095 1578 injuria,
1119 1494 1304 1566 negligentia

198 1621 202 1632 ι
286 1587 473 1663 bominum,
509 1587 746 1662 interpolatorum
783 1588 938 1643 temerario
976 1587 1072 1644 studio
1103 1586 1302 1660 depravantur

308 1679 421 1736 fabulae
446 1678 584 1751 varioque
608 1677 693 1735 modo
718 1679 928 1752 permutantur.
972 1679 1047 1735 Tum
1065 1694 1112 1734 ars
1131 1677 1232 1744 critica
1250 1693 1300 1733 ao-

309 1770 398 1828 oessit
415 1769 453 1826 ad
471 1769 651 1845 tragoedias,
677 1785 751 1842 quae
770 1769 927 1838 genuinam
945 1759 1044 1826 earum
1061 1770 1199 1844 formam,
1221 1781 1299 1841 quae

308 1857 558 1928 Attieaedialaoti
581 1861 682 1916 florem
704 1863 839 1928 servaret
857 1876 892 1918 ao
908 1861 1084 1918 restitueret.
1126 1859 1297 1930 Aesthetiea

308 1953 405 2010 autem
423 1951 624 2026 interpretatio
641 1951 684 2008 ita
701 1949 801 2008 media
814 1951 895 2022 jaeet
912 1951 989 2008 inter
1007 1950 1174 2008 historicam
1186 1951 1222 2006 et
1239 1949 1295 2006 eri-

308 2041 389 2098 tieo·
374 2041 620 2117 -grammaucam,
636 2043 670 2098 ut
688 2035 754 2100 cum
771 2057 834 2098 una
850 2042 977 2100 alterave
997 2041 1036 2100 sit
1054 2041 1162 2098 metius
1181 2056 1294 2113 semper

310 2132 471 2204 conjuncta.

321 2225 448 2282 dam
465 2237 544 2296 uero,
564 2237 651 2296 quum
669 2225 798 2296 aetatem
814 2221 1062 2296 interpretationis
1074 2223 1201 2282 Graecae
1215 2221 1292 2278 haud

310 2269 414 2386 exiguo
432 2314 500 2390 post
522 2315 650 2370 mortuos
669 2315 729 2368 tres
747 2312 889 2386 Tragicos
906 2316 1037 2386 tempore
1053 2311 1167 2370 initium
1182 2313 1292 2386 eopiosa

311 2404 449 2481 seiamus,
474 2403 646 2477 gravissiura
668 2405 753 2462 extat
776 2403 923 2478 quaestio:
948 2407 1044 2462 utrmn
1068 2405 1290 2475 genuinas'l'ra·

310 2495 438 2571 gisum
455 2495 567 2557 salomas
584 2496 753 2574 persolvere
764 2486 981 2570 ¹interpretibus
1000 2511 1168 2554 conoessum
1190 2495 1289 2570 inerit3

310 2601 356 2660 an
375 2587 477 2662 potius
499 2586 532 2644 hi
555 2587 635 2644 vario
659 2585 745 2644 modo
771 2586 961 2660 interpolatas
986 2603 1036 2644 eas
1061 2603 1095 2643 ae
1118 2588 1288 2665 permutatas

309 2672 452 2750 legerinti
491 2678 545 2736 Cui
573 2678 690 2752 quidem
717 2679 883 2755 quaestioni
909 2679 953 2736 ita
979 2677 1176 2753 respondebo,
1200 2680 1231 2732 ut
1253 2675 1287 2732 de

310 2768 518 2848 antiquissimis
528 2769 801 2843 interpolationibus
815 2769 907 2844 deque
921 2770 1009 2828 variis
1027 2769 1186 2826 labularum
1197 2784 1286 2824 exem·

310 2859 443 2932 pleribus.
451 2875 524 2932 quae
537 2860 609 2914 mihi
621 2860 802 2918 mamaeam
815 2877 992 2932 componam.
1005 2889 1044 2902 -
1053 2859 1135 2924 Quae
1147 2875 1213 2916 vero
1223 2857 1288 2914 inde

213 2943 215 2950 ’
311 2965 329 3004 a
347 2947 548 3022 Peripateticis
569 2944 671 3020 primis
690 2948 750 3004 illis
774 2947 934 3008 tabularum
953 2947 1072 3004 Graecis
1089 2947 1285 3032 interpretibus

312 3038 349 3121 ad
365 3037 549 3098 Demetrium
564 3053 658 3111 usque
674 3038 846 3096 Triclinium
862 3037 1045 3112 praeterfluit
1067 3041 1164 3115 aetas,
1182 3057 1240 3098 eam
1255 3039 1285 3097 in

198 3189 199 3196 χ
311 3129 373 3188 tues
389 3127 531 3202 periodos.
545 3128 657 3204 diuisiq
676 3145 709 3186 ao
736 3129 861 3202 primam,
882 3129 1127 3203 interpretationis
1145 3131 1284 3205 periodum

311 3233 391 3294 qnae
403 3219 529 3292 lqeurgi
551 3223 650 3294 atque
662 3219 831 3278 Aristotelis
854 3225 983 3295 mniporo
1008 3221 1110 3296 insipit
1129 3223 1166 3280 ad
1182 3223 1282 3285 Aristo·

302 3311 436 3388 ‘pharam
452 3311 637 3386 Byzantium,
656 3312 815 3368 secumdam
833 3313 871 3372 ad
887 3313 1045 3385 Didymum
1068 3313 1281 3389 cadauerum,
1316 3351 1320 3358 ι

311 3403 426 3460 tertiam
450 3402 573 3476 denique
598 3401 637 3460 ao
652 3404 835 3462 Demetrium
853 3404 1022 3464 Triclinium
1045 3405 1171 3466 extendi.
1213 3405 1281 3462 Une

312 3508 442 3568 quaeque
466 3495 546 3550 aetas
570 3493 711 3564 singulari
729 3495 824 3568 eapite
843 3495 954 3554 additis
970 3497 1057 3556 simul
1073 3496 1185 3554 caussis
1199 3497 1280 3552 motae

261 3603 268 3614 ’
312 3599 334 3642 a
348 3600 394 3643 me
413 3567 567 3642 naumis
581 3583 763 3644 morabitur.
780 3617 822 3634 -.-

193 3749 199 3759 Α
287 3751 290 3754 .
383 3674 479 3735 Pmmo
501 3675 591 3746 igitur
613 3676 712 3748 rapite
737 3676 774 3732 de
797 3677 1002 3751 interpretibus
1020 3639 1217 3752 traam,
1235 3678 1279 3750 qui

311 3765 435 3840 proprie
443 3767 486 3828 eie
503 3769 652 3844 vocantur,
670 3783 770 3826 sermo
781 3783 840 3824 non
852 3772 911 3828 est·
930 3772 962 3825 at
975 3768 1012 3824 de
1024 3766 1278 3842 interpolationibus

310 3855 354 3916 ita
370 3871 473 3946 again,
500 3857 565 3914 nt
553 3857 694 3930 uqrrrmis
716 3873 784 3946 eamr
809 3857 846 3914 ad
870 3858 1054 3932 quaestiones
1075 3858 1112 3916 de
1131 3856 1278 3946 dupleibus
