2790 4712
560 1269 714 1390 Caput
744 1207 1006 1360 seeundum.

361 1699 392 1757 Si
411 1697 482 1774 quid
500 1696 591 1772 priori
609 1697 705 1771 capite
725 1697 807 1770 justo
826 1696 943 1757 brevius
968 1713 1003 1754 ac
1021 1693 1209 1754 festinantius
1227 1697 1293 1752 trs-

197 1853 200 1858 ,
290 1791 385 1868 ctavi,
411 1789 495 1847 facila
514 1805 533 1845 a
551 1789 611 1846 VV.
630 1790 695 1845 DD.
715 1788 802 1845 modo
827 1787 865 1846 ad
890 1785 1111 1863 disputationis,
1136 1801 1224 1859 quam
1242 1785 1292 1842 in·

289 1881 373 1940 stitui
392 1881 479 1938 linem
496 1878 664 1954 respiciant,
683 1879 800 1936 veniam
818 1877 988 1952 impetrabo.
1022 1878 1086 1951 Ope
1105 1876 1184 1933 enim
1201 1875 1290 1932 scho-

288 1965 440 2030 liastarum
458 1971 490 2026 in
514 1972 574 2026 tres
594 1967 732 2040 Tragicos
757 1969 887 2043 aliosque
913 1969 1070 2041 scriptores
1090 1968 1217 2036 Graecos
1236 1983 1289 2022 su-

289 2062 460 2138 perstitum,
495 2075 551 2132 ope
581 2059 851 2132 lexicographorum
880 2059 1114 2132 reliquorumque
1144 2059 1289 2131 quotquot

290 2153 346 2226 huc
365 2151 512 2225 pertinere
532 2148 636 2208 scirem
654 2152 804 2220 auctorum
821 2151 1008 2225 Graeeomm,
1028 2164 1117 2221 quum
1135 2148 1287 2206 historiam

291 2244 470 2300 Graecorum
488 2239 520 2296 in
538 2237 676 2306 Tragicos
695 2239 890 2312 Interpretum
908 2237 1092 2296 conscribere
1115 2239 1148 2294 in
1171 2254 1216 2296 me
1235 2253 1286 2294 su·

292 2330 451 2404 unipotens,
482 2327 597 2383 illorum
628 2343 700 2400 quos
727 2329 875 2384 nominavi
901 2315 1105 2394 auctoritatem
1127 2344 1174 2386 ms
1201 2329 1286 2402 sequi

290 2417 452 2494 oportebat
492 2417 676 2489 Quapropter
694 2433 784 2490 quum
808 2417 977 2476 scholiastae
1002 2423 1136 2476 actorum
1158 2419 1283 2492 interpo-

291 2509 426 2584 lationes,
447 2503 636 2587 ἀντιγράφων
656 2507 865 2582 discrepantias
885 2525 973 2584 saepe
992 2510 1122 2568 viderem
1139 2508 1282 2566 recordari

293 2603 382 2672 atque
402 2600 536 2676 enotare,
554 2598 643 2670 hujus
660 2598 845 2672 potissimmn
862 2601 1006 2660 rationem
1024 2599 1114 2658 habui
1129 2599 1281 2672 interpola·

290 2690 405 2746 tionum
429 2689 562 2764 generis,
588 2689 666 2762 quod
689 2690 859 2765 plerumque
885 2692 999 2748 tanturn
1022 2689 1060 2746 ad
1085 2690 1196 2762 singula
1217 2702 1279 2746 ver·

291 2795 377 2838 mum
394 2779 485 2836 verba
504 2778 647 2855 pertinet,
673 2780 766 2836 rarius
791 2781 830 2837 ad
847 2781 976 2852 integros
995 2779 1156 2838 tabularum
1172 2795 1277 2836 versus.

290 2869 451 2934 Rarissime
480 2873 579 2925 autem
609 2869 782 2928 scholiastae
816 2872 951 2944 antiquos
982 2871 1157 2944 interpretes
1186 2869 1278 2944 plures

292 2958 429 3028 deinceps
450 2971 549 3013 versus
569 2961 719 3030 suspectos
738 2959 875 3015 habuisse
894 2963 1031 3018 referunt.
1062 2962 1129 3020 Jam
1145 2959 1214 3016 mibi
1230 2959 1277 3032 qul

290 3059 524 3119 unumquemque
544 3047 728 3103 scholiastam
752 3063 840 3103 unum
864 3051 976 3106 tantum
1000 3051 1162 3108 fabularum
1186 3065 1277 3106 exem·

291 3139 389 3213 plum,
420 3139 534 3193 tanturn
559 3151 649 3194 unum
673 3139 910 3196 commentarium
933 3153 1090 3214 usurpasse
1115 3156 1276 3215 persuasum

291 3227 431 3304 babeam,
444 3269 445 3276 κ
456 3228 572 3286 mutetur
590 3227 746 3286 scholiasta
764 3243 803 3284 ex
821 3229 1018 3287 antecedentis
1043 3231 1213 3288 scholiastae
1230 3246 1275 3286 eo-

291 3319 349 3393 piis
367 3335 421 3392 pro
445 3319 566 3376 arbitrio
591 3320 772 3393 excerpsisse
797 3322 830 3375 ut
855 3320 927 3378 haee
952 3322 989 3380 de
1014 3321 1274 3397 interpolationibus

292 3409 512 3482 quibuscunque
540 3409 622 3466 dieta
652 3411 914 3487 praetermitteret,
946 3411 996 3468 illa
1019 3413 1118 3470 nescio
1144 3427 1200 3486 quo
1220 3413 1274 3468 lato

291 3499 506 3556 transcriberet.
543 3499 628 3556 Unde
647 3514 734 3572 quam
751 3500 829 3556 nurle
849 3500 1004 3558 scholiasta
1022 3503 1060 3558 ad
1078 3503 1165 3576 Soph.
1184 3501 1271 3572 Antip.

291 3605 319 3646 v.
334 3591 370 3645 45
382 3605 500 3646 narrare
513 3589 657 3660 potuerit:
677 3583 813 3663 Δίδυμος
832 3584 865 3648 δὲ
884 3593 975 3668 φησὶν
992 3589 1051 3649 ὑπὸ
1071 3592 1131 3671 ζῶν
1149 3591 1272 3666 ὑπομνη-

291 3679 445 3754 perscruta
468 3674 520 3736 τὸν
544 3673 610 3749 ἑξῆς
635 3681 735 3755 στίχον
765 3678 983 3740 caretate-tus:
1014 3683 1098 3740 facile
1128 3681 1269 3751 intelligas.

292 3769 386 3834 Quam
404 3770 511 3826 multae
530 3770 662 3826 veterum
686 3770 877 3844 interpretum
902 3771 939 3828 de
964 3770 1035 3827 locis
1060 3771 1216 3829 tabularum
1230 3771 1269 3826 in·

290 3859 441 3931 terpolatls
466 3858 627 3916 sententiae
652 3859 701 3917 illa
726 3861 838 3918 ratione
863 3861 1018 3935 perierint!
1036 3892 1075 3908 --
1094 3863 1176 3930 Quae
1194 3875 1269 3935 quun
