2908 4712
180 571 343 628 commotus
365 561 468 624 'canois
496 564 699 638 grammaticus
728 565 786 621 ista
813 563 926 626 ratione
941 563 945 570 “
961 567 1177 626 enumeraverit

179 653 314 722 auolat
351 658 484 714 Profecto
502 656 582 712 nulla
600 657 694 712 fateor
712 655 769 710 nisi
794 656 835 736 ut¹
851 653 984 712 ordinem
1012 656 1175 716 tabularum

180 745 304 824 quaram
332 749 501 818 argumenta
529 749 711 822 enarrasset,
739 748 800 802 tam
834 746 1000 802 accuratam
1033 751 1174 826 servaret,

179 855 271 914 qnam
299 839 478 912 antiquiores
506 853 574 893 eum
608 833 828 916 constituissent
858 835 1046 906 grammatici.
1090 837 1176 903 Quod

178 943 272 1004 quarn
286 930 432 987 recentior
448 929 594 1003 interpres
612 927 776 1002 ignoraret,
802 925 838 983 de
862 925 1011 983 Alcestide
1029 925 1121 984 dixitr
1140 923 1175 986 τύ

179 1015 284 1101 δρᾶμα
296 1015 435 1092 ’ἐποιήθη
453 1018 515 1078 κτλ.
660 1027 664 1034 ’

253 1111 445 1170 Didascalicis
464 1113 577 1186 autem,
607 1125 682 1182 quae
701 1107 834 1182 inprimis
854 1121 870 1164 e
891 1108 1059 1166 Callimachi
1083 1125 1173 1183 opere

178 1203 331 1279 sumserit,
367 1201 544 1272 singularum
572 1200 733 1256 fabularum
760 1196 926 1268 ὑποθέσεις
952 1197 1116 1268 subjunxit:
1143 1198 1175 1254 in

177 1289 302 1368 quibus,
332 1307 404 1365 quos
434 1291 550 1346 demum
575 1290 690 1361 mythos
715 1289 754 1345 ad
771 1305 863 1344 unum
882 1303 982 1344 omnes
1001 1287 1118 1357 Tragici
1135 1319 1175 1334 -

164 1381 308 1457 =loquitur
331 1382 421 1438 etiam
439 1380 650 1455 Aristophanes
674 1382 788 1436 tautum
814 1378 850 1434 de
874 1377 967 1434 tribus
993 1377 1174 1452 principibus

177 1470 360 1542 Tragoediae
372 1503 412 1516 -
431 1469 568 1544 deinceps
588 1469 787 1544 usurpassent,
808 1483 880 1541 quos
899 1483 974 1524 unus
994 1467 1174 1526 solummodo

178 1560 284 1637 (luove,
305 1564 439 1618 accurate
458 1561 657 1633 investigaret
696 1561 742 1617 Ita
762 1559 797 1616 dc
817 1559 981 1630 Aeschyleo
998 1559 1174 1616 Prometheo
1196 1591 1200 1598 ·

175 1683 216 1698 -
233 1667 358 1725 namque
385 1651 597 1725 Aristophanes
631 1651 734 1725 procul
762 1649 853 1708 dubio
881 1651 1044 1722 argumenti
1072 1652 1174 1707 auctor

177 1745 224 1799 ast
241 1771 281 1786 -
298 1742 395 1799 dicere
420 1743 531 1814 potuit:
555 1743 649 1799 κεῖται
672 1736 706 1799 δὲ
729 1739 940 1816 ἡμοδοττοτέα
964 1735 994 1798 ἓν
1018 1731 1201 1819 aspendii-¹
1321 1731 1328 1740 ’

177 1827 224 1890 oei
243 1827 328 1908 παρὰ
351 1829 502 1907 Σοφοκλεῖ
523 1825 554 1887 ἐν
578 1830 720 1907 Κολχίσι,
745 1827 830 1910 παρὰ
855 1826 889 1889 δέ
912 1824 1065 1911 Εὐριπίδῃ
1091 1827 1170 1902 ὅλως
1209 1893 1212 1906 ,

177 1919 213 1980 οὐ
233 1922 342 1992 asiam,-
359 1921 403 1976 ita
421 1921 536 1976 fabulae
555 1915 733 1992 Aeschylias
751 1921 814 1977 Vll.
835 1921 900 1978 adv.
920 1921 1012 1980 Theb.
1032 1937 1173 1992 personas

177 2027 244 2069 oum
262 2010 432 2084 Euripideis
458 2014 489 2067 et
513 2011 681 2084 Sophocleis
707 2011 884 2087 composuit,
915 2011 958 2067 ita
983 2011 1109 2084 denique
1135 2011 1173 2069 de

176 2101 309 2172 ejusdcm
335 2104 441 2174 poetae
468 2101 679 2158 Eumenidibns
707 2095 914 2179 praedicavitr*
929 2099 998 2181 παρ’
1027 2097 1173 2178 οὐδετέρῳ
1256 2165 1259 2172 ,

176 2185 215 2272 (i.
235 2208 260 2248 e.
280 2207 376 2264 neque
401 2192 481 2264 apud
500 2192 785 2265 Sophoclemneque
810 2191 895 2264 apud*
907 2185 1094 2272 Euripidem)
1112 2191 1174 2249 κεῖ-

175 2299 227 2339 τοο
245 2279 263 2354 ἡ
282 2281 466 2357 perdeserta.
485 2313 524 2326 —
548 2283 614 2348 Quo
637 2282 787 2356 pertinent
811 2282 901 2338 etiam
925 2285 1096 2352 argumenta
1120 2283 1171 2340 So-

175 2371 270 2445 phoci.
290 2372 434 2442 Antigon:
460 2373 553 2430 κεῖται
576 2368 611 2429 δὲ
629 2371 646 2446 ἡ
666 2371 787 2446 prodam.
812 2374 862 2430 κού
880 2371 947 2449 παρ’
969 2366 1122 2451 Εὐριπίδη
1141 2367 1172 2430 έν

175 2460 342 2538 Anartium
365 2463 518 2520 Philoctet.
544 2464 636 2520 κεῖται
655 2457 690 2520 δὲ
707 2465 757 2520 κού
775 2462 843 2542 παρ’
865 2460 1010 2540 Λλσχύλῳ
1029 2462 1047 2536 ἡ
1065 2462 1172 2537 μυθο-

175 2553 277 2620 morto,
302 2581 341 2596 ·-
363 2552 496 2624 Euripid.
521 2553 601 2608 Med.
627 2551 694 2633 παρ’
718 2547 862 2632 οὐδετέρῳ
880 2555 974 2611 κεῖται
998 2552 1015 2626 ἠ
1040 2553 1171 2628 pedum,

174 2640 315 2698 Alcestid.
334 2639 403 2719 παρ’
426 2634 572 2722 οὐδετέρῳ
590 2641 669 2715 arip
687 2643 792 2700 Bacch.
812 2642 830 2716 ἡ
849 2642 969 2719 podera
989 2644 1082 2700 κεῖται
1099 2642 1170 2723 παρ’
1188 2653 1191 2661 ‘

174 2727 321 2807 Αἰσχύλῳ
340 2725 371 2790 ἒν
389 2729 520 2802 Πεοδεῖς
538 2733 689 2790 Phoeniss.
710 2732 801 2810 ταύτῃ
820 2732 878 2811 γάρ
897 2734 933 2809 τῇ
945 2732 1093 2791 ὑποθέσει
1114 2732 1172 2790 κά-

174 2821 268 2890 κεῖνος
283 2821 391 2901 χρῆται
409 2815 443 2878 ἐν
458 2819 504 2898 τῳ
529 2816 655 2901 δευτέρῳ)
669 2818 740 2904 ¹⁷⁰).
766 2855 805 2868 -·
828 2825 919 2882 Porro
944 2824 983 2881 ad
1008 2823 1170 2894 argumenti

174 2912 389 2969 enarrationem
402 2929 508 2969 scenae
521 2929 767 2987 personarumque
781 2915 1005 2988 descriptionem
1020 2913 1168 2972 annexae

172 3001 292 3074 Singula
310 3002 413 3059 afferre
438 3003 572 3076 exempla
597 3003 703 3060 taedet
743 3004 878 3077 Denique
899 3004 1011 3074 judicia
1035 3003 1170 3076 arfiunxit

174 3092 209 3150 de
227 3095 336 3150 virtute
355 3110 389 3150 ao
407 3093 588 3167 praestantia
605 3093 776 3170 fabularum,
797 3098 939 3168 quatenus
959 3097 1010 3152 aut
1027 3095 1168 3152 victoriae

173 3185 339 3258 reportatae
358 3184 471 3240 cladive
490 3187 628 3256 acceptae
647 3185 823 3256 eonveniret.
843 3215 882 3228 ·-

247 3273 314 3327 iam
338 3287 408 3326 vero
433 3268 645 3347 Aristophanis
675 3289 735 3330 non
759 3273 890 3346 pedestri
918 3274 1011 3329 solum
1036 3274 1168 3329 oratione

174 3363 343 3431 argumenta
362 3363 548 3440 conscripsit,
570 3364 622 3422 sed
640 3363 774 3420 versibus
793 3377 908 3436 quoque
926 3362 1012 3438 lusit,
1038 3365 1072 3418 ut
1089 3360 1169 3418 ὐπο-

160 3449 276 3520 terrac
294 3447 435 3528 ἕμμετροο
460 3453 565 3510 docent
589 3453 628 3510 ad
647 3453 797 3526 Sophoclis
817 3453 921 3528 Oedip.
940 3454 1029 3530 Reg„
1054 3451 1167 3510 Aristo·

173 3541 277 3616 phanis
295 3541 510 3618 Achamenses,
529 3543 662 3620 Equites,
681 3547 810 3621 Vespas,
829 3543 920 3620 Aves,
940 3543 1166 3602 Ecclesiazusas.

238 3747 299 3814 liu)
316 3749 518 3810 Grammaticus
546 3751 631 3803 multo
658 3752 802 3804 recentior
830 3749 1020 3814 Aristophanls
1047 3751 1166 3814 nysam

8 3879 9 3890 ,
102 3888 105 3896 ,
173 3840 258 3894 opera
274 3843 355 3894 usos,
373 3836 462 3887 veroa
477 3829 540 3898 ejus
557 3846 619 3884 oum
635 3836 694 3885 suls
710 3836 799 3897 ipatus
817 3823 961 3886 corriudlt.¹
983 3834 1025 3885 lle
1042 3838 1202 3899 tempore.

173 3915 276 3976 rotem,
293 3927 347 3979 quo
363 3916 476 3972 imulas
493 3920 571 3972 certo
590 3915 685 3970 ordine
702 3916 857 3982 explicatae
872 3916 943 3984 slot,
961 3915 1024 3972 vlia
1038 3916 1121 3972 trum
1140 3995 1144 4002 .
