2790 4712
497 373 703 440 „15-

102 537 182 610 joris
207 536 322 608 'lmaiei
346 551 410 594 esse
436 536 574 608 conjecitt
604 536 690 597 docta
720 541 767 594 est
789 551 847 597 utta
874 553 940 598 omn
966 539 1097 600 Ammae-

107 647 169 688 one
182 626 229 706 ⁰)
248 631 277 685 et
294 627 416 686 Bacchis
434 631 501 704 post
519 631 662 686 mortuum
678 629 848 702 Euripidem
859 624 914 707 ⁵⁰).
947 631 1098 688 Gerreetor

108 719 282 778 eBoeclthii
301 720 444 776 sententia
462 721 611 794 prologum
628 720 817 794 Euripideum
835 721 952 797 delevit,
971 720 1098 799 „deinde

108 812 161 870 ille
174 812 263 886 locus,
283 811 333 885 qui
345 827 422 868 nuno
435 815 480 870 est
492 813 554 870 vice
567 812 688 888 prologi,
707 829 753 868 vv.
765 813 802 868 49
821 827 884 886 sqq.
904 813 1034 884 adjectus
1053 814 1099 874 esi
1166 819 1168 827 ’

110 906 164 960 aut
182 919 221 958 ex
243 905 327 975 parte
353 903 509 960 translatus
533 921 572 960 ex
594 904 659 975 ipso
677 903 824 978 Euripidis
843 903 1010 962 Mnesarchi
1032 919 1099 976 pro·

108 993 206 1064 logo.''
243 994 341 1050 Etiam
357 995 540 1052 Hermannus
558 995 762 1068 interpolatam
780 1012 845 1052 esse
869 995 996 1069 fabulam
1014 994 1098 1068 proli·

109 1088 190 1142 tetur
203 1079 265 1166 ⁵¹):
293 1085 346 1142 sed
370 1103 388 1142 a
412 1087 502 1144 multo
522 1086 638 1156 juniore
666 1087 797 1162 homine,
826 1087 876 1161 qui
902 1103 957 1144 nec
984 1085 1099 1160 poetico

110 1194 201 1234 sensu
225 1176 373 1250 praeditus
398 1179 486 1236 literit
508 1193 604 1250 neque
631 1178 705 1239 adeo
733 1194 853 1248 maenae
880 1177 995 1247 linguae
1023 1175 1099 1248 peri-

111 1271 162 1324 tus
175 1262 230 1344 ὅ1).
276 1267 423 1342 Gruppius
450 1267 653 1334 Chaeremonis
678 1269 859 1341 Iphigeniam
882 1270 1011 1324 nostram
1035 1281 1100 1324 esse

112 1357 285 1432 suspicatur
294 1359 385 1417 fretus
397 1359 578 1430 potissimum
589 1359 733 1418 Athenaei
745 1359 909 1416 testimonio
922 1352 976 1434 Η).
1001 1357 1101 1432 Ipsmn

111 1449 283 1522 Euripidem
300 1449 481 1508 recensuisse
499 1451 625 1508 fabulam
649 1454 680 1508 et
699 1450 875 1526 correxisse,
900 1466 986 1508 nemo
1011 1459 1100 1523 quau·-

112 1543 177 1596 tum
197 1540 256 1598 seio
276 1539 490 1598 demonstravit
530 1542 627 1600 Etiam
646 1543 803 1613 Seyffertus
828 1541 864 1598 de
884 1542 992 1600 seriore
1010 1541 1100 1598 inter·

112 1631 259 1704 polatione
278 1635 377 1688 conon
394 1632 573 1692 Boeckhium
592 1633 751 1706 disputavit
763 1627 817 1714 ⁵⁴).
855 1634 921 1690 Una
938 1647 1004 1690 cum
1021 1630 1100 1704 lphi-

114 1722 200 1792 genia
217 1723 306 1780 etiam
323 1724 451 1782 Bacchas
476 1727 634 1791 correctam
658 1742 722 1782 esse
741 1725 906 1782 Boeekhius
925 1727 1025 1782 cernet
1037 1719 1100 1802 ⁵⁵);

115 1815 203 1884 atque
225 1813 300 1870 hane
324 1814 375 1870 tilii
399 1813 608 1872 eorrectionem
638 1816 796 1872 etiamnum
820 1831 982 1889 superesse.
1019 1813 1101 1870 Idem

116 1902 162 1958 vir
180 1902 312 1971 egregius
330 1902 362 1957 in
385 1902 538 1960 Palamede
563 1920 679 1976 quoque
704 1903 826 1977 duplicis
850 1903 1028 1960 recensionis
1051 1919 1102 1959 ve·
1206 1941 1214 1964 ι

116 1992 205 2063 stigia
225 1987 462 2072 .suspioatnr¹·).
490 2023 530 2036 -
555 1995 704 2058 Hactenus
730 1995 859 2050 virorum
887 1994 1036 2052 doctorum
1065 1993 1102 2048 de
1174 2007 1179 2017 ·

85 2097 88 2104 ·
116 2083 223 2158 duplici
241 2083 404 2142 tabularum
420 2083 589 2144 recensione
602 2085 761 2142 sententias
773 2085 902 2159 potiores
913 2084 1007 2143 attuli.
1031 2085 1102 2143 Gor·

182 2313 228 2375 ts)
244 2313 427 2378 Intelligeada
444 2313 541 2378 opinor
558 2317 651 2369 tabula
675 2305 847 2386 Ἀλκμαίων
873 2308 889 2368 ὁ
916 2303 966 2368 διὰ
990 2291 1111 2388 Κορίν-Ι

117 2393 188 2453 θου.
222 2405 319 2456 Altera
338 2393 423 2455 ’A.o‘
449 2391 498 2456 dmi
520 2390 665 2476 Ψωφῖδος
690 2423 745 2461 una
761 2423 820 2462 cum
839 2409 986 2470 Alcestide,
1008 2399 1102 2474 Τηλέ-

118 2505 181 2566 φῳ,
199 2485 353 2562 Κρήσσαις
372 2499 436 2544 acta
454 2501 496 2545 est
513 2495 555 2546 01.
572 2497 615 2561 85,
632 2496 654 2551 2,

181 2577 225 2638 lu)
244 2579 331 2633 schol,
348 2577 430 2632 Arist,
448 2575 533 2629 Rana.
550 2579 591 2625 et.

182 2655 228 2716 tt)
244 2659 278 2714 V,
296 2657 445 2708 Hermanni
462 2659 554 2708 Praei.
576 2659 611 2707 ad
633 2659 674 2714 ed,
695 2658 790 2720 narip.
811 2659 896 2722 lphlg.
911 2673 940 2721 p,
957 2661 1042 2716 xxii,
1059 2673 1102 2724 sq.

118 2741 244 2792 xxviii.
261 2740 362 2790 xxxi.

183 2822 595 2889 whhmpwmw

183 2905 230 2966 nt)
247 2904 344 2968 Deipn.
361 2897 432 2954 xiil.
449 2920 473 2967 p,
491 2906 540 2956 tut
557 2919 595 2970 sq.
617 2905 688 2956 malo
710 2904 856 2958 hermanni
878 2908 1102 2962 emendationem.

119 2989 149 3040 ln
165 2987 320 3040 didascaliis
337 2987 474 3052 iphigenia
490 2992 586 3042 nostra
607 2992 638 3040 ut
654 2987 790 3050 Euripidis
813 2990 908 3041 fabula
928 2997 1102 3046 memoratur.

83 3100 89 3108 ι
120 3073 239 3130 Quarum
256 3071 323 3122 tides
339 3071 434 3122 mirum
457 3077 585 3134 quartum
600 3072 732 3124 Athenaei
753 3072 831 3124 idem
853 3077 975 3136 superat.
1009 3075 1102 3138 Grap-

120 3152 178 3214 plus
196 3154 314 3204 nondum
332 3153 538 3219 demonstravit,
552 3156 693 3206 Athenaeo
709 3166 846 3218 nunquam
857 3159 1003 3210 memoriae
1019 3169 1102 3210 erre·-

120 3248 175 3286 rem
192 3247 255 3284 esee
270 3235 460 3298 imputandum.

183 3317 229 3376 el)
247 3318 285 3366 ld.
302 3318 432 3380 seynertt
455 3320 487 3370 de
504 3317 603 3381 duplici
617 3321 780 3370 recensione
797 3317 934 3382 iphigenitt
949 3320 1103 3374 Aulideusis

121 3397 326 3463 quaestiuncula
341 3414 367 3451 a.
384 3401 447 3452 18³1
466 3417 493 3464 p.
511 3403 542 3452 ta
559 3414 618 3464 sqq.
635 3425 669 3440 -
684 3401 837 3454 Boeclrhius
859 3405 1007 3454 secundam
1027 3403 1101 3466 lphi-

18 3529 19 3536 ,
122 3481 217 3546 genias
233 3481 374 3534 editionem
392 3485 427 3536 ad
442 3488 562 3536 nosuam
578 3495 667 3547 usque
682 3489 798 3538 aetatem
810 3485 972 3548 pervenisse
984 3491 1102 3540 coomn-

121 3564 157 3616 stt
172 3579 197 3627 p,
213 3564 272 3614 298.

183 3650 229 3706 aa)
245 3649 264 3698 l.
280 3646 298 3696 1.
315 3661 339 3710 p.
357 3647 406 3698 297
423 3661 479 3710 sqq.
495 3659 525 3710 p.
541 3648 590 3699 ³08
606 3662 662 3712 sqq.

183 3729 228 3790 ati)
244 3731 360 3792 Propter
376 3729 551 3782 narrationes
569 3731 697 3796 Diogenis
713 3733 746 3784 L.
761 3734 794 3786 ll.
811 3732 844 3784 tt
865 3737 895 3790 et
915 3748 1022 3798 argum.
1037 3736 1101 3788 leo-

121 3816 183 3870 crttt
205 3815 315 3864 lincom.
335 3813 477 3866 Busiridis.
508 3812 597 3865 Etiam
618 3815 753 3868 Valcken.
775 3815 886 3874 Diatrlh.
908 3832 935 3880 p.
957 3817 1005 3870 lii
1026 3825 1099 3870 extr.

121 3891 260 3972 prolitetur
280 3909 363 3958 posse
379 3895 516 3960 Euripidis
532 3897 701 3950 Palamedem
721 3903 786 3962 post
806 3904 943 3955 mortuum
958 3905 1101 3956 seeum
