2908 4712
541 281 589 362 ’-
621 317 682 382 ιιι
711 353 753 362 -

158 483 365 560 alioquiniis
360 481 713 540 melius.luissei.usus.'t
725 483 774 553 Αιι
790 482 1145 558 ιοιιιιιιιιιιιιιιιὶειιι

159 577 298 652 pbccleis
307 567 487 660 neglcxoiitl
523 572 591 638 Non
609 576 688 653 puto.
725 573 874 646 Namque
881 576 914 636 ut
932 589 1014 640 nuuc
1039 591 1070 632 se
1089 575 1142 632 ba·

156 668 236 747 bont,
254 665 424 744 praestant
403 681 465 728 rora
484 665 563 766 sunt,
583 665 756 754 praesertim
775 664 852 738 quod
870 663 909 726 ad
926 664 1060 724 notitiam
1078 665 1141 721 uni·
1191 689 1195 692 ·

158 775 260 846 versae
279 755 460 848 autiquitatis
473 754 712 832 antiquorumque
724 755 829 813 attinet
840 754 1046 830 interpretum.
1059 755 1142 812 Com·

157 847 230 924 para
256 838 342 906 schol.
368 838 465 904 Med.
477 845 531 901 414
560 863 625 902 cum
652 839 747 904 suida
767 863 789 904 s.
814 841 896 904 ’Ἀνω
924 845 1082 920 ποταμῶν,
1098 848 1144 906 ιιι

158 956 245 1024 quam
263 938 370 1001 diversi
389 936 494 1017 Suidae
519 938 613 1014 fontes
633 954 651 996 a
670 935 839 997 scholiastis
852 937 1001 1012 Euripidis
1027 937 1143 1013 luerint,

157 1017 260 1088 melius
274 1008 507 1113 digq'roscas..-
468 1009 593 1116 -lllc
612 1029 693 1085 enim
718 1026 828 1086 scholia
856 1045 908 1085 suo
936 1026 1058 1089 arbitrio
1085 1043 1145 1086 nou
1200 1105 1203 1119 ι

156 1105 359 1203 permutavit,
375 1119 425 1195 qui
444 1095 581 1206 Ιιιιιιιιιιί
571 1105 604 1202 ιιι
610 1115 793 1210 Sophoclem
811 1119 924 1206 partim
934 1120 1048 1198 integra
1066 1121 1144 1174 tran-

158 1209 291 1298 scripsit,
319 1209 427 1288 partim
450 1209 571 1286 misere,
599 1213 633 1266 ut
657 1227 745 1268 sensu
768 1199 901 1286 careant,
917 1209 1067 1286 decerpta
1095 1213 1146 1265 aut

158 1286 424 1358 consarcinata·-
386 1299 586 1374 -Equidem
605 1301 723 1359 Suidam
741 1301 854 1378 omnia,
879 1317 953 1374 quae
977 1303 1053 1358 torte
1078 1287 1149 1356 ante

159 1391 258 1451 oculos
277 1374 397 1468 habuit,
428 1405 526 1448 crassa
545 1391 729 1469 Minervam
748 1409 852 1474 eorpus
873 1408 957 1448 suum
974 1391 1146 1466 omnigenae

160 1479 333 1539 eruditionis
352 1479 497 1572 recepisse
517 1465 650 1541 arbitror.
687 1484 855 1544 Remotiora
873 1473 1004 1559 quaeque
1021 1483 1146 1555 plerum·

107 1637 110 1648 ,
159 1587 216 1644 que
241 1571 420 1648 neglexerit3
445 1573 539 1628 fontes
566 1574 636 1631 satis
661 1575 793 1631 recentes
819 1577 952 1634 sunt—
970 1573 1002 1629 si
1026 1567 1146 1660 aliquid,

159 1655 290 1718 consulto
318 1662 510 1734 interpretum
538 1666 671 1738 veterum
698 1665 815 1720 nomina
845 1663 943 1720 omisit
964 1657 1047 1744 (Cir.
1075 1679 1098 1718 s.
1118 1679 1145 1717 v
1160 1675 1166 1684 ι

158 1749 309 1817 Δίπαλτοζ
318 1743 380 1821 hj.
406 1751 461 1805 408
469 1735 660 1854 ,Νηφιίλιος
689 1753 760 1810 Oed.
792 1755 851 1812 Col.
883 1752 967 1834 loo).
1000 1752 1057 1810 Sed
1076 1751 1147 1827 quid

159 1829 284 1916 minimi
303 1853 392 1915 quum
394 1833 487 1894 idem
499 1855 521 1895 s
541 1831 636 1918 ἄραρέ
647 1859 686 1915 με
696 1842 810 1914 integra
823 1837 1043 1899 scholiastarum
1053 1841 1148 1898 verba

161 1911 344 2004 describens,
369 1915 507 2018 diversas
536 1929 746 2004 explicationes
774 1933 965 2007 copulet-
993 1932 1150 1998 Quaeritur

160 2018 309 2096 tandem,
323 2005 393 2074 num
412 2008 515 2077 Suidas
540 2023 657 2092 praeter
675 2013 820 2080 scholia
812 2039 844 2081 ιι
862 2011 1034 2102 Sophoclem
1062 2022 1152 2112 etiam

132 2131 135 2135 ·
160 2109 289 2180 Didymi
312 2125 381 2165 usus
414 2110 453 2165 sit
484 2106 641 2183 operibus?
674 2113 833 2170 Memorat
867 2103 1148 2172 Grammaticums.

161 2196 260 2259 ἀλύειν
279 2183 339 2280 (ΕΙ.
361 2193 488 2280 135),s
474 2195 649 2270 ιέξένισεν
660 2194 720 2283 (ΕΙ.
740 2199 811 2284 96),
846 2203 898 2263 ubi
915 2206 1016 2262 nostra
1041 2199 1151 2261 scholia

161 2276 292 2360 ejusdem
309 2306 414 2346 nomen
433 2292 596 2347 tecent-
619 2294 758 2351 Attamen
775 2294 898 2373 Didymi
917 2297 1010 2352 multo
1034 2294 1154 2368 saepius

161 2381 231 2438 iacit
248 2368 440 2457 mentionem,
466 2380 518 2438 ubi
536 2363 683 2441 oratorum
702 2381 880 2443 Graecorum
899 2387 1007 2462 scripta
1025 2378 1153 2444 t-‘ractan

161 2474 217 2523 tur.
253 2469 338 2532 Quae
358 2470 476 2538 quidem
494 2469 591 2524 omnia
609 2487 699 2543 quum
718 2489 755 2529 ex
774 2473 831 2530 alio
849 2472 1073 2550 lexicograpbo,
1092 2493 1151 2531 non

163 2573 201 2613 ex
218 2545 297 2630 ipsis
320 2555 442 2626 Didymi
468 2547 605 2630 operibus
635 2561 785 2648 sumserit,
814 2565 848 2617 ut
876 2564 964 2619 eiiam
992 2562 1152 2638 Sophoclea

162 2647 233 2704 haec
254 2663 291 2702 ex
309 2645 404 2702 alieno
423 2648 502 2704 fonte
521 2637 652 2707 hausisse
678 2667 744 2708 eum
768 2642 933 2730 arbitreris,
959 2650 1066 2712 diserte
1086 2672 1151 2730 per-

163 2735 294 2794 suadent.
332 2738 396 2824 An,
421 2737 500 2811 quod
516 2736 638 2809 Didymi
661 2757 772 2798 nomen
787 2743 904 2800 scholiis
923 2745 983 2801 tam
1003 2735 1073 2803 raro
1099 2763 1150 2820 ap-

163 2827 274 2901 posuit,
300 2815 367 2884 eum
390 2830 507 2903 praeter
532 2829 640 2888 scholia
663 2835 764 2890 nostra
788 2835 877 2892 etiam
904 2813 1042 2916 Tquyqrd.
1061 2833 1154 2908 λέξεις

162 2917 240 2975 illius
269 2907 423 2994 usurpasse
448 2917 636 2978 verisimilius
666 2917 732 2984 esti
774 2925 858 2982 Unde
872 2926 970 3008 longe
998 2927 1153 3008 maximam

164 3003 337 3068 scholiorum
355 3013 467 3084 partem
479 3009 602 3083 Didymi
621 3030 685 3072 esse
705 3020 935 3090 sequeretur-
940 3017 1049 3076 Uiram
1067 3036 1150 3093 prae·

163 3100 239 3156 fer'as
253 3101 442 3164 sententiam
469 3101 540 3160 licet
568 3104 714 3176 ambigere
743 3106 874 3184 debeas,
899 3110 1027 3166 attamen
1062 3125 1149 3186 quam

91 3255 98 3274 Ι
164 3175 335 3331 ρΙιιιιιίιὶι
312 3189 420 3244 scheba
445 3191 601 3247 etiamnum
624 3192 746 3264 Didymi
772 3191 965 3254 chalcenteri
980 3214 1045 3254 esse
1067 3200 1150 3297 facile

165 3291 253 3333 conce
274 3291 315 3332 as.
335 3307 373 3320 —

239 3366 285 3423 No
309 3383 378 3422 vero
395 3353 496 3440 hujus
507 3358 734 3449 disputationis,
766 3389 840 3448 quae
865 3365 981 3450 proprie
1007 3377 1043 3434 de
1063 3376 1152 3448 justis

165 3449 352 3528 Tragicoruru
380 3459 556 3518 Graecorum
587 3461 793 3536 interpretibus
821 3466 897 3543 agit,
933 3467 1037 3528 finibus
1065 3461 1151 3525 nimis

167 3547 315 3626 excedam,
333 3550 533 3622 praetermitto
545 3551 672 3626 reliquos
683 3554 913 3633 lexicographos,
932 3559 993 3635 qui,
1007 3561 1152 3633 quantum

167 3638 299 3710 colligere
318 3639 417 3716 potui,
446 3655 507 3698 non
531 3645 592 3700 tam
620 3661 658 3701 ex
683 3646 809 3721 antiquis
834 3647 1041 3723 interpretibus
1067 3664 1152 3724 quam

167 3729 264 3802 potius
286 3747 309 3788 a
338 3730 483 3805 prioribus
511 3733 723 3811 lexicograplns
758 3753 811 3796 sua
839 3739 1002 3801 sumserint
1042 3741 1152 3800 Omitto
