2908 4712
445 379 454 388 ,

564 382 771 450 ...φη-

249 548 385 624 Denique
402 545 442 607 erl
459 549 553 606 metra
570 560 703 622 quoque,
728 545 834 619 qulbus
857 547 905 604 usi
921 547 1036 621 Tragloi
1061 552 1170 626 emerit,

175 641 385 718 grammaticus
406 635 534 696 animum
558 637 692 694 advenit
735 637 798 694 lam
822 636 1001 695 enimnova
1025 640 1171 698 scribendi
1215 647 1219 664 '

174 735 264 809 ratio,
283 735 317 788 ut
334 733 426 788 metra
445 729 622 787 accurratius
634 728 868 804 observarentur,
888 728 1068 800 postulabat:
1087 731 1171 788 aimi-

175 824 293 897 lemque
318 820 529 882 Grammaticus
553 820 586 876 in
609 817 727 876 Pindari
746 817 922 876 carminibus
947 819 1046 892 posuit
1064 837 1170 878 curam.

176 915 360 988 Quamquam
389 912 415 967 si
439 909 510 983 quid
534 909 630 984 aliud,
658 909 775 966 chorios
803 911 961 980 systemata
981 927 1000 966 a
1024 909 1173 967 Gramma·

175 1004 260 1080 tiois‚
278 1005 349 1062 licet
366 1002 524 1077 permultos
544 999 581 1057 tle
600 999 701 1056 metris
720 999 873 1072 scripsisse
892 1003 1021 1078 constet,
1040 1002 1173 1073 neglecte

176 1087 332 1174 sunt¹⁷⁸)·
900 1111 904 1120 ·

254 1183 482 1242 Commentarios
511 1185 608 1240 autem
626 1181 830 1255 Aristophanis
861 1181 999 1257 Byrsae,
1032 1182 1173 1253 glossaria
1287 1197 1290 1201 ·

177 1278 211 1332 et
227 1291 302 1348 quae
322 1276 360 1332 ad
372 1273 559 1344 tragicorum
577 1273 849 1346 interpretationem
862 1267 1055 1344 pertinuerint
1074 1289 1173 1349 opera,

178 1369 319 1438 usurpata
346 1382 365 1421 a
393 1363 557 1422 scholiastis
582 1380 647 1420 essa
671 1379 756 1434 nego.
804 1363 946 1435 Pleraque
974 1364 1036 1434 ejus
1066 1363 1175 1436 scripta

177 1454 315 1528 discipuli
344 1454 460 1510 demum
487 1452 597 1526 publici
620 1453 696 1523 jnris
725 1453 861 1509 videntur
891 1453 1010 1532 iecisse,
1041 1454 1174 1528 inprimis

171 1546 361 1612 ‚Oalhshatus
379 1544 576 1601 Atheniensis.
588 1575 628 1589 —
644 1544 728 1601 Unde
748 1543 935 1600 Grammatici
953 1546 1174 1602 commentarios

136 1695 140 1704 ,
177 1634 209 1692 'm
220 1635 397 1706 Aeschylum
409 1651 443 1690 ac
452 1634 623 1709 Sophoclem
633 1636 782 1706 neglectos
795 1651 860 1690 essa
871 1634 1011 1708 suspicari
1023 1635 1128 1708 possis.
1138 1667 1176 1680 -

257 1723 503 1800 Callistratus
520 1742 725 1815 Aristophanis
745 1741 965 1798 commentarios
980 1743 1038 1799 nisi
1051 1743 1175 1800 ociosis

180 1841 261 1897 certo
290 1839 444 1908 diligenter
477 1839 636 1914 pervolvit,
675 1840 762 1910 atque
796 1837 835 1894 ad
868 1840 1066 1911 praeceptoris
1101 1839 1175 1898 cele·

106 1979 115 1994 ,
180 1928 300 1986 berrimi
324 1927 468 1998 judicium
499 1945 583 1984 suum
612 1918 705 2000 ipsius
736 1924 1048 2006 accommodavit¹⁷‘).
1088 1930 1175 1987 Scho-

179 2017 267 2076 liasta
291 2019 370 2075 enim
393 2019 494 2094 Eurip.
521 2020 616 2076 Orest.
643 2013 717 2074 1030
747 2021 850 2075 refert:
882 2013 961 2075 οὕτω
986 2021 1036 2076 και
1060 2017 1198 2078 uota:

181 2108 310 2186 στρατός
329 2125 419 2186 φησιν
433 2106 644 2190 Ἀριστοφάνη
663 2107 798 2186 γράφειν.
829 2109 961 2174 Quocum
980 2111 1006 2166 si
1026 2115 1176 2184 comparas

181 2199 271 2256 schol.
290 2201 407 2256 Homer.
427 2199 460 2256 Il.
480 2221 512 2277 τ,
529 2199 609 2256 ’327ι
634 2201 684 2256 not
698 2197 925 2279 Ἀριστοφάνης
944 2199 1107 2278 προηθέτει
1126 2196 1178 2259 τὸν

180 2293 296 2367 στίχον,
326 2286 368 2360 ὥς
397 2304 471 2366 φησι
492 2287 740 2368 ’Καλλίστρατοςι
769 2292 799 2345 et
828 2309 856 2364 y.
883 2289 934 2347 18:
964 2287 1058 2361 οάτιος
1083 2291 1133 2349 nat
1158 2289 1176 2364 ἡ

176 2377 422 2458 Ἀριστοφάνους
449 2381 499 2437 καῖ
527 2379 544 2453 ἦ
569 2378 813 2459 Καλλιστράτονι
843 2383 972 2454 profecto
998 2381 1177 2452 grammatici

180 2487 271 2544 opera
282 2486 336 2544 per
350 2471 546 2528 Callistratum
556 2471 729 2544 ‹hscipuluirr
738 2487 804 2528 oum
813 2471 1020 2545 posicriorrhus
1031 2489 1177 2543 gramma-

181 2561 247 2616 ticis
258 2563 468 2617 communicata
480 2578 544 2617 esse
558 2562 685 2633 colligas.
701 2564 907 2619 Verumtamen
918 2564 1098 2620 Callistratus
1110 2579 1177 2636 pro·

180 2651 260 2726 prios
281 2667 396 2724 quoque
413 2652 594 2723 in'lhugieos
613 2654 835 2711 commentarios
848 2653 973 2727 scripsit.
1011 2655 1055 2710 Ao
1068 2655 1178 2711 scholia

181 2741 299 2815 quidem
316 2743 475 2816 Euripides
499 2759 565 2800 eum
591 2745 707 2817 saepius
725 2744 861 2821 laudarit,
887 2747 921 2800 ut
946 2745 1040 2800 orosi.
1067 2743 1122 2801 304
1148 2747 1178 2801 et

180 2833 253 2907 324,
284 2849 359 2906 quae
388 2834 680 2911 adscrihoiintagra,
713 2835 821 2907 quippe
852 2835 1069 2906 grammaticum
1096 2835 1178 2892 varia

180 2921 293 2980 ratione
311 2924 466 2994 lhugicum
484 2925 675 2982 illustravisse
695 2926 861 2982 ostendunt
905 2925 997 2996 Igitur
1016 2926 1104 2982 schol.
1125 2926 1176 2984 Or.

180 3013 235 3070 424
254 3013 319 3086 ipsa
339 3014 497 3072 Callistrati
515 3016 605 3072 verba
624 3017 724 3072 affert:
748 3009 779 3072 ἓν
804 3009 838 3072 δὲ
862 3013 1177 3096 τοῒςςΚαλλιστράτον

180 3105 359 3181 γέγραπται·
378 3099 575 3179 ἐπιζητήσειεν
600 3101 637 3163 ἄν
655 3125 714 3176 τις,
739 3103 806 3174 πῶς
825 3097 876 3162 διὰ
896 3103 985 3183 τριῶν
1004 3103 1124 3186 εἰρήκει,
1151 3103 1178 3166 si

181 3189 223 3266 μὴ
243 3187 294 3250 διὰ
312 3189 347 3249 τὸ
366 3191 417 3252 τὸν
428 3195 634 3270 Ληοηιέμνονα
651 3198 701 3252 καὶ
708 3189 854 3252 Ὀδυσσέα
871 3189 1178 3273 nordostunorum

249 3315 312 3374 174)
331 3313 389 3366 (tir.
405 3318 508 3368 Boeoti.
526 3318 618 3369 Praei.
635 3321 669 3369 ai
687 3319 776 3369 schol.
794 3315 871 3365 Pisi.
888 3329 915 3378 p.
931 3317 967 3365 x.
985 3319 1014 3365 et
1030 3328 1057 3377 p.
1073 3317 1178 3369 xxxi.
1268 3319 1275 3332 “

182 3397 309 3460 Alioquin
327 3395 396 3447 enirn
413 3402 533 3450 carmina
551 3399 627 3451 chori
645 3413 700 3451 nori
716 3397 884 3466 gravissimis
900 3409 969 3461 prae
986 3397 1101 3462 reliquis
1115 3403 1176 3451 tra-

182 3479 299 3546 gosino
314 3479 439 3542 perusus
455 3482 559 3532 menits
575 3485 732 3534 scamonia

249 3560 312 3625 174)
340 3561 465 3612 nautius
490 3563 557 3614 Vita
580 3563 717 3628 aristoph.
745 3578 772 3627 p.
801 3562 865 3614 GV=
891 3565 1081 3632 ‚oeconomo
1106 3563 1177 3618 entur

96 3692 98 3698 ,
184 3645 283 3698 suidas
310 3644 439 3709 suamet,
467 3645 677 3696 commentarios
706 3659 768 3699 eum
793 3645 888 3710 (Aristo
914 3646 997 3710 llys.)
1025 3648 1176 3710 par-multos

184 3735 399 3798 corumpstssei
427 3729 662 3803 ,συγγράμματα
681 3722 715 3786 δὲ
733 3724 826 3786 αὐτοῦ
852 3726 930 3786 πάνυ
950 3726 1064 3786 norror
1086 3739 1177 3790 taurea

154 3889 158 3902 ι
184 3820 262 3868 certa
284 3817 461 3881 reperiuntur
482 3817 579 3883 sigua,
604 3819 759 3871 secuntias
783 3815 844 3884 ejus
862 3819 934 3871 haut
951 3830 1054 3882 paucas
1070 3831 1126 3872 uorr
1142 3835 1177 3872 ex

182 3898 269 3962 ipsius
286 3899 362 3952 tome
379 3900 429 3952 aaut
446 3913 482 3952 ox
497 3899 696 3965 decipularum
712 3903 818 3956 taurum
835 3901 945 3968 scrtptta
962 3900 1143 3956 muotuieee.“
