2908 4712
691 343 900 408 qas-

202 491 208 514 ‘
303 507 350 574 aa
366 499 496 569 carcat
514 505 632 566 asnaa
656 505 762 566 aaran
774 489 1037 568 vrassanum
1054 515 1135 568 nora
1153 503 1316 572 aarum

304 599 355 674 qai
373 613 409 656 ea
433 612 508 670 quae
533 599 659 656 tractant
688 597 766 670 inter
791 598 891 657 amnia
907 597 1020 672 optim
1042 615 1079 656 ac
1091 651 1094 662 ,
1107 603 1297 672 pracmffi.

305 689 379 746 sima
397 686 575 750 contendunt
595 703 672 763 esse,
689 687 810 746 scholiis
828 691 861 746 in
874 689 1051 760 Aeschylum
1063 692 1174 763 primas
1186 694 1298 770 tribuit,

303 777 448 838 mundas
468 777 636 850 Sophocleis
655 777 730 856 illis,
756 779 809 838 scd
828 796 924 855 „qnae
943 779 975 836 in
993 780 1046 838 Vll
1064 783 1215 856 Euripidis
1239 788 1298 842 tra·

304 868 424 940 goodias
444 867 654 926 declarationes
674 868 848 928 editae'siut
866 871 993 930 minores
1018 873 1108 932 multo
1133 874 1298 932 informes»

302 975 360 1033 que
380 957 511 1018 doctriua
530 957 615 1018 asse“
635 959 785 1019 existimat
807 957 918 1040 (Praei
939 961 977 1019 ad
995 963 1129 1035 Aeschyl.
1149 980 1176 1020 a.
1196 958 1297 1042 1557).

304 1049 382 1118 Quid
396 1050 483 1121 juvat
502 1049 539 1106 de
558 1051 739 1122 praestariae
756 1052 842 1110 unius
862 1051 1038 1112 scholiorum
1057 1042 1243 1112 calcationis
1254 1053 1298 1110 di·

305 1136 458 1214 separet
476 1140 598 1199 Minime
618 1156 732 1214 queque
752 1142 934 1215 antiquitatis
954 1145 1047 1202 busto
1065 1145 1298 1216 gaudeo.1Nune
1328 1189 1335 1198 .

304 1247 373 1290 vero
391 1231 500 1306 primas
513 1230 692 1308 Euripideis,
711 1233 1046 1312 secundas,Sophodeis‚
1057 1235 1298 1312 tertiaqinreuco

303 1321 424 1380 Victorii
462 1321 573 1397 ordine,
595 1320 763 1392 Aeschyleis
783 1324 888 1380 tribuo.
909 1353 948 1368 »-

378 1411 436 1478 Qui
455 1411 564 1486 primus
583 1411 668 1474 unius
683 1413 850 1486 'pluriumve
869 1415 1061 1488 interpretum
1073 1416 1297 1498 animadversio-

303 1513 357 1560 nes
377 1495 441 1558 sive'
458 1503 677 1560 commentarios
698 1519 755 1558 una
775 1520 841 1560 cum
860 1505 920 1562 suis
940 1506 1033 1578 ipsius
1063 1509 1297 1568 annotatiom‘bua

305 1591 342 1648 ad
361 1592 521 1664 marginem
539 1591 652 1648 fabulae
678 1585 832 1664 cujusdam
853 1594 1056 1670 descripserit,
1083 1614 1149 1656 eum
1173 1599 1297 1670 primum
1330 1654 1337 1660 ,

305 1681 488 1743 scholiastam
500 1682 586 1738 liceat
599 1683 744 1756 appellare
758 1683 907 1754 tragicum.
929 1683 1014 1752 Quod
1030 1688 1127 1740 tamen
1147 1701 1204 1760 quo
1224 1690 1297 1741 tern-

303 1789 374 1848 pore
392 1773 518 1848 primum
536 1773 643 1829 iactum
662 1774 701 1830 sit
720 1774 918 1830 demonstrare
937 1790 996 1831 non
1014 1791 1184 1848 possumus:
1202 1775 1261 1831 nisi
1280 1792 1299 1850 a

222 1871 224 1875 ‘
303 1861 430 1934 Didymo
449 1864 486 1921 ad
507 1865 632 1919 aetatem
650 1881 743 1938 usque
763 1865 1031 1937 antiquissimorum
1051 1865 1190 1924 Codicum
1208 1867 1297 1922 inter·

231 1962 241 1980 ·
304 1954 497 2028 pretationem
516 1951 731 2010 scholi‘asticarn
750 1956 883 2012 floruisse
909 1955 1046 2012 dicamus·
1085 1958 1209 2030 Antiqui
1227 1957 1297 2014 Tra·
1329 2021 1335 2026 ,

304 2043 471 2114 goediarum
496 2043 673 2100 Graecarum
701 2043 823 2101 Codices
849 2046 993 2104 decimum
1011 2063 1039 2120 p.
1061 2041 1127 2104 Chr.
1148 2062 1176 2103 n.
1198 2061 1298 2105 saecu·

302 2133 364 2191 ium
382 2146 442 2190 non
461 2136 608 2206 superant.
647 2135 731 2190 Prius
751 2135 839 2206 igitur
865 2152 952 2210 quam
970 2137 1002 2192 in
1022 2121 1183 2194 codicibus*
1199 2153 1299 2210 super·

304 2224 429 2283 stitibus'
440 2223 586 2300 descripta
605 2225 714 2283 scholia
733 2225 850 2300 ineunt,
865 2227 1037 2295 jamdudum
1049 2225 1185 2300 poterant
1198 2227 1299 2282 eadem

302 2309 395 2371 forma
419 2317 449 2371 et
474 2314 639 2372 conditione
669 2315 699 2369 in
728 2309 939 2384 antiquioribus
967 2317 1108 2386 exemplis
1137 2316 1299 2388 perscripta

303 2421 386 2462 esse:
422 2405 662 2479 quemadmodum
696 2402 890 2461 recentiorum
926 2402 1065 2459 Codicum
1094 2403 1204 2460 scholia
1233 2419 1299 2459 cum

213 2505 217 2510 “
280 2523 283 2528 ¹
302 2497 432 2569 priorum
456 2497 513 2552 illis
539 2496 646 2575 partim
671 2493 774 2550 eadem
798 2493 905 2568 partim
925 2491 1069 2554 simillima
1089 2495 1156 2548 sunt
1169 2487 1241 2570 ²⁰⁷).
1261 2523 1300 2536 -

302 2579 411 2643 Iterum
428 2589 543 2661 tanen,
570 2587 685 2644 cuinam
710 2585 835 2658 tempori
859 2585 989 2641 nostram
1015 2583 1189 2641 scholiorum
1214 2583 1299 2639 colle-

291 2677 429 2743 „ctionem
449 2676 623 2753 debeamus,
649 2679 757 2734 frustra
776 2677 950 2749 quaerimus.
992 2676 1076 2732 Certe
1096 2673 1161 2748 ipsa
1180 2671 1314 2748 scholia‚'

303 2765 340 2824 ab
361 2765 522 2824 editoribus
548 2771 641 2824 semet
666 2767 836 2826 detruncata
861 2768 891 2821 et
917 2765 1071 2838 compilata
1095 2762 1188 2834 magis
1214 2779 1300 2836 quam
1326 2778 1334 2836 j

303 2845 420 2913 ¹seruata
439 2859 526 2930 atque
546 2857 720 2930 amplificata
738 2874 803 2912 esse
824 2855 936 2912 docent.

377 2945 500 3000 Restant
519 2945 703 3014 potissimum
723 2945 797 2998 duae
818 2944 1004 3016 quaestiones
1024 2959 1134 3016 eaeque
1146 2945 1234 3011 longe
1245 2943 1300 2999 dii-

271 3073 274 3082 .
302 3029 460 3086 licillimaer
486 3031 594 3102 prima:
621 3035 692 3100 quot
716 3031 828 3084 fabulas
845 3030 936 3082 'trium
961 3031 1148 3097 Tragicorum
1173 3031 1300 3088 illustra·

303 3120 398 3175 verint
416 3117 463 3174 vel
488 3117 636 3190 potuerint
660 3117 804 3174 illustrare
830 3115 917 3194 primi
942 3115 1131 3174 scholiastae:
1157 3121 1299 3179 secunda:

222 3204 226 3210 ’
303 3212 375 3284 quot
386 3207 505 3278 undem
518 3195 739 3266 commentarios
754 3207 899 3287 justorum
911 3206 1102 3280 interpretum
1114 3208 1204 3266 iidem
1217 3211 1299 3268 scird-

302 3301 406 3359 liastae
425 3296 651 3374 usurpaveriuti
688 3299 816 3359 Primum
840 3295 952 3360 fabulas
976 3314 1037 3354 non
1061 3314 1204 3356 unacum
1223 3290 1298 3358 com-

304 3391 453 3449 mentariis
472 3392 596 3466 periisse
616 3395 727 3448 certum
747 3392 799 3448 est.
830 3389 931 3463 Itaque
951 3389 1065 3446 fabulae
1086 3382 1298 3450 commer'rtariis

304 3483 441 3557 poterant
460 3498 529 3539 casu
548 3481 674 3558 privari,
700 3484 742 3538 ita
762 3480 960 3538 commentarii
987 3497 1139 3555 superesse
1164 3484 1299 3554 poteraut

303 3657 503 3680 —....;..--·.-.

370 3769 506 3833 tiliois.
521 3768 1017 3834 smutcm2.1siriganeuerkaageu
1034 3767 1104 3830 riter
1120 3769 1171 3830 das
1185 3768 1296 3821 Etim

304 3850 528 3904 Scioilenweaeu
549 3851 576 3902 in
593 3851 802 3904 Zimmermauni
825 3852 912 3902 diurn.
929 3865 955 3903 a.
973 3849 1039 3900 1884
1056 3863 1084 3900 u.
1102 3849 1158 3908 llo,
1177 3865 1202 3914 pff
1219 3851 1294 3902 itur
