2908 4712
431 405 441 424 ,
548 322 756 416 -ssrm—

160 521 251 580 minio
274 513 386 594 picta.“
430 513 476 572 lta
500 513 565 590 ille,
591 513 643 586 qui
666 512 739 570 haec
766 511 856 568 verba
879 510 977 570 nescio
1002 509 1081 569 unde
1100 513 1151 570 ed-

157 611 286 689 scripsit,
306 608 346 666 ad
364 605 473 665 scholia
488 604 522 661 in
532 603 707 662 Phoenissae
727 617 762 658 ea
780 601 927 675 pertinere
943 603 1044 674 procul
1063 603 1151 662 dubie

160 703 317 761 arbitratus
336 701 390 758 est.
414 697 469 754 'At
486 694 595 752 omnso
613 707 746 767 quoque,
771 691 849 768 quod
868 691 978 748 seholia
995 693 1027 747 in
1044 694 1151 754 Home·

158 807 224 850 rum
242 791 385 848 similibus
403 785 531 859 gaudent
549 782 826 860 subscriptionibus,
846 781 897 842 ubi
915 781 1047 856 ipsorum
1064 787 1151 844 seho-

158 883 265 941 liorum
275 882 414 938 virtutem
425 875 692 952 animadvertimus,
712 891 748 931 ea
766 874 870 948 opinor
884 873 920 930 in
931 873 1066 930 Orestem
1084 875 1152 932 sub·

159 973 317 1046 scriptione
344 971 396 1028 illa
422 967 555 1039 digniora
579 969 676 1023 sunt·
703 964 761 1022 Sed
790 964 856 1036 quis
888 963 1048 1034 Dionysius
1081 961 1152 1022 ille't

158 1063 190 1120 Si
208 1062 280 1120 tides
298 1059 410 1118 Βοοὶιὶο
427 1057 562 1117 habenda
581 1059 641 1132 est,
656 1055 719 1126 jam
738 1055 775 1111 de
795 1054 983 1125 grammatico
1004 1054 1054 1129 qui
1075 1057 1152 1114 cirea

159 1153 278 1224 Didymi
296 1153 423 1208 aetatem
447 1148 578 1206 floruerit
603 1145 746 1220 suspicari
769 1144 846 1202 lieet.
890 1145 930 1202 Et
949 1145 999 1218 qui
1017 1145 1050 1200 in
1068 1146 1151 1203 seho-

46 1307 50 1312 ,
158 1241 206 1299 liis
235 1242 267 1299 in
298 1243 432 1300 orestem
461 1237 641 1310 grammatici
667 1235 838 1311 laudantur,
868 1235 902 1291 ut
929 1223 1151 1313 Aristophanes,

159 1333 352 1410 Callistratus,
372 1328 572 1405 Asclepiades,
593 1326 725 1386 Sosibius
743 1327 867 1384 tortasse
887 1324 976 1384 etism
993 1325 1151 1399 Apollodo-

158 1421 247 1480 dorus
268 1425 452 1497 Cyrenaeus,
470 1419 613 1490 Dionysio
633 1417 745 1476 'lbrace
765 1415 945 1489 antiquiores
970 1419 1050 1474 suut.
1092 1417 1151 1484 Qui

132 1503 248 1572 'veros
286 1514 318 1571 si
341 1511 461 1584 Didymi
479 1509 716 1568 commentarium
741 1506 911 1564 scholiastes
935 1501 973 1564 τὰ
990 1506 1083 1583 pratri
1100 1524 1151 1583 ap-

156 1605 281 1678 pellasse
306 1603 453 1674 conjicies.
471 1631 517 1686 -ι
533 1601 655 1658 Praeter
677 1599 853 1670 Dionysium
876 1600 974 1656 autem
998 1598 1151 1676 thracem,

50 1739 54 1744 .
156 1695 207 1766 qni
226 1693 462 1750 commentarium
480 1680 513 1748 in
530 1689 700 1762 Euripidem
725 1689 890 1764 scripserit,
916 1688 978 1768 scio
1005 1689 1151 1748 neminem

156 1783 215 1839 nisi
232 1781 349 1846 Aelium
366 1779 540 1851 Dionysium
555 1778 808 1853 lexicographum,
834 1779 915 1850 eujus
934 1795 1024 1853 opera
1047 1783 1150 1840 (tram.

155 1872 255 1929 matici
285 1869 445 1928 innumeris
469 1867 542 1926 locis
569 1867 763 1925 laudaverunt
788 1861 864 1944 (vid.
889 1869 969 1926 Suid
993 1869 1151 1942 damnosos

152 1955 425 2044 Ἁλικαρνασσεύς).
445 1989 486 2004 -
502 1959 549 2016 An
566 1957 689 2028 Dionys.
709 1957 831 2018 Thracis
848 1957 1047 2036 ὑπομνήματα
1066 1963 1149 2020 seho-

154 2053 258 2110 liesteo
276 2070 309 2110 re
327 2067 398 2113 vera
415 2049 564 2124 potuerint
582 2043 744 2121 usurparet
773 2047 849 2106 Illud
866 2049 964 2108 stahm
975 2051 1147 2112 videbimus.

154 2173 194 2190 -
219 2143 355 2201 Getarum
383 2141 410 2198 si
437 2140 547 2215 primos
570 2134 747 2212 interpretes
774 2153 836 2194 non
860 2138 893 2194 in
919 2155 1008 2198 unam
1035 2145 1148 2200 tantum

154 2233 312 2294 alteramve
335 2231 462 2289 tabulam
487 2231 694 2288 commentatos
719 2245 801 2304 esse,
832 2227 941 2286 sedin
964 2229 1044 2307 illas,
1073 2248 1148 2307 quae

137 2317 193 2380 ¹ud
210 2339 328 2384 manum
345 2322 453 2379 tuerint
471 2336 588 2397 omnes,
603 2318 671 2390 jure
690 2318 823 2391 accipere
843 2318 998 2397 debemus,
1018 2324 1148 2395 prolecto

153 2412 232 2485 quod
251 2431 277 2472 s.
298 2427 325 2480 g.
346 2411 528 2468 Callistrmus
547 2411 580 2466 in
597 2425 657 2466 una
674 2409 796 2484 Oreste,
816 2409 1016 2481 Hephaestion
1035 2415 1148 2472 tantum
1181 2471 1184 2478 ,
1253 2442 1255 2450 ›

152 2501 185 2557 iu
203 2515 262 2556 una
279 2501 400 2557 Hecuba
424 2501 636 2573 memorantur,
660 2513 720 2554 nou
742 2498 889 2558 miremur.
932 2501 988 2577 At,
1013 2503 1092 2575 quod
1116 2504 1148 2562 iu
1192 2509 1195 2516 '
1230 2553 1233 2560 i

153 2589 272 2648 scholiis
301 2589 469 2664 Sophocleis
493 2588 607 2646 mnibus
628 2590 747 2662 poterat
766 2588 918 2665 extricari,
948 2588 984 2647 de
1004 2595 1147 2650 mmmuni

152 2681 279 2754 quodam
303 2681 350 2739 vel
374 2681 532 2754 praecipuo
558 2677 733 2737 scholiorum
757 2679 838 2736 tonte
869 2682 949 2738 certo
981 2681 1146 2752 dejudicere
1243 2693 1249 2704 ‘

150 2787 211 2828 uon
229 2787 392 2845 possumus.
430 2770 514 2828 Licet
533 2769 611 2826 enim
630 2761 741 2828 scholia
758 2769 791 2828 in
803 2769 973 2844 Euripidem
990 2777 1147 2846 propterea

150 2862 230 2935 qnod
248 2865 380 2920 veterum
398 2861 590 2934 interpretum
609 2859 688 2917 baud
705 2875 802 2918 raram
825 2861 936 2918 facium
959 2864 1145 2942 mentionem,

150 2953 271 3010 manni
289 2951 426 3010 habenda
443 2954 527 3026 sunt,
552 2953 752 3010 verumtamen
770 2951 829 3025 ipsi
849 2953 1027 3010 Graecomm
1044 2958 1145 3026 poeta

150 3057 215 3099 rum
232 3042 408 3100 recentiores
423 3040 539 3112 judices
557 3056 676 3114 prorsus
694 3056 755 3096 non
766 3040 846 3098 idem
858 3041 994 3100 videntur
1007 3045 1142 3102 sensisse.
1212 3087 1218 3094 .

150 3131 264 3188 Scholia
291 3133 324 3186 in
351 3131 529 3210 Sophoclem·
550 3146 568 3185 a
591 3130 737 3204 plerisque
765 3130 980 3204 lexicographis
1003 3137 1144 3208 usurpate

150 3222 234 3294 sunt3
254 3222 354 3276 eontra
372 3219 422 3276 illa
439 3219 472 3274 in
489 3218 659 3292 Euripidem
677 3233 770 3291 paene
789 3219 930 3287 heglema.
949 3249 989 3262 --

225 3309 373 3384 Superest,
392 3311 427 3364 ut
444 3308 619 3365 scholiorum
637 3307 827 3380 superstitum
845 3323 949 3381 corpus
962 3308 1068 3368 iterum
1085 3311 1143 3370 alia

148 3399 262 3456 ratione
281 3397 381 3456 habita
400 3399 642 3474 contemplemur,
666 3401 700 3456 ut
723 3400 816 3456 huna
838 3401 971 3456 veterum
989 3415 1023 3457 ac
1042 3401 1143 3472 genui·

147 3488 549 3562 norum'commentariorum,
569 3503 644 3560 quae
663 3489 695 3546 iu
712 3487 750 3546 iis
769 3488 879 3561 passim
896 3489 1017 3566 lateant,
1037 3491 1141 3548 hexi-

65 3609 71 3622 ·
146 3581 417 3654 ecgraphorum
441 3593 509 3651 ope
534 3577 727 3635 inveniamus.
769 3580 866 3654 Atque
887 3597 903 3636 c
922 3580 1141 3656 lexicographo*

146 3702 212 3744 rum
230 3701 351 3744 umnero
369 3686 495 3761 primum
513 3667 741 3763 Hcsyclium
769 3688 937 3745 exhibeam:
957 3688 993 3746 de
1013 3705 1070 3763 quo
1090 3689 1140 3747 ubi

144 3777 261 3842 doctam
279 3780 387 3840 lemnii
412 3779 683 3841 commentationem
706 3797 839 3840 necnon
857 3779 1005 3840 Welckeri
1024 3783 1140 3840 senteu-
