2908 4712
576 471 618 483 -
649 438 718 504 101·
740 471 783 483 —

187 621 305 666 merare
317 605 413 680 locos,
432 599 538 676 quibus
557 599 667 660 omisso
684 598 801 674 nomine
821 597 991 673 simpliciter
1015 595 1046 658 ot
1064 594 1111 672 δέ,
1131 599 1180 658 vel

187 699 276 768 τινές,
300 695 348 753 vel
366 691 438 753 lusos
456 692 639 750 dictumest.
663 725 701 735 -
720 689 751 748 Si
774 687 891 764 quidem
913 685 1082 748 scholiastae
1103 691 1180 748 mele

188 786 305 845 sedulos
323 785 412 842 luisse
430 783 533 854 negari
550 780 669 857 nequit,
694 781 760 854 quis
779 777 890 836 scholia
906 778 987 836 Pers.
1006 779 1080 855 637,
1098 781 1203 862 Sept,

187 877 242 936 Th.
261 877 333 952 953,
352 875 401 951 el,
420 873 577 945 inquibus
596 866 696 929 rottei
724 871 776 928 aut
802 863 917 934 παλαιὰ
943 866 1048 944 βιβλία
1070 884 1179 928 memo-

33 944 40 954 '
80 1003 83 1011 .
186 968 298 1042 aean,
317 965 384 1039 quir
402 962 508 1020 usam
524 963 597 1020 vura
615 957 746 1018 memet
764 991 804 1004 -
820 962 867 1018 ne
885 959 976 1016 vanis
994 959 1180 1038 laconicus,

186 1071 261 1130 qnae
280 1054 400 1128 quidem
417 1053 450 1114 in
468 1052 585 1112 scholiis
603 1053 816 1126 memorantur,
835 1065 924 1124 supra
943 1049 1013 1107 dixi.
1051 1050 1184 1109 Plerum.

186 1160 243 1218 qne
261 1159 396 1217 magnam
414 1143 618 1216 antiquitatem
641 1141 836 1200 manifestant
854 1171 894 1200 -.-
911 1140 1048 1198 Butlerus
1066 1141 1098 1196 iu
1117 1139 1179 1198 edi·

184 1234 265 1292 tiene
285 1251 339 1292 sua
357 1234 532 1292 scholiorum
550 1232 664 1306 copiam
681 1232 714 1288 in
732 1235 830 1305 partes
855 1228 996 1304 quasdam
1019 1232 1108 1302 atque
1133 1243 1180 1286 or-

185 1323 270 1380 dines
289 1325 404 1382 divisim
422 1339 457 1382 ac
475 1324 571 1398 primo
588 1321 685 1380 ordini
702 1337 739 1378 ca
756 1319 860 1378 tribuit
878 1320 997 1396 scholia,
1017 1335 1092 1393 quae
1109 1334 1180 1393 prae

184 1413 306 1486 reliquis
330 1412 525 1487 etlampiiore
556 1412 753 1488 disputatione
781 1410 872 1468 verba
896 1410 1125 1484 interpretantur
1149 1411 1181 1465 et

87 1569 95 1586 ,
185 1503 290 1560 saltam
318 1519 357 1561 ex
383 1506 466 1576 purte
495 1503 533 1560 ab
561 1502 689 1577 antiquis
717 1499 992 1559 commentatorihus
1025 1499 1180 1556 adeuntur

182 1595 315 1666 proiecta
341 1609 415 1650 esse.
450 1582 586 1670 ,serene
614 1595 712 1650 autem
740 1591 851 1648 ordinis
880 1590 1005 1661 scholia,
1034 1590 1134 1650 littera
1151 1589 1180 1646 Β

184 1682 310 1757 umato,
329 1697 539 1756 saepenumero
552 1681 675 1740 eandem
687 1681 871 1757 senteutiam,
890 1679 994 1738 eadem
1010 1681 1072 1738 iera
1088 1677 1179 1736 rerba
1250 1689 1253 1694 ·

183 1771 338 1845 perpaucis
357 1771 476 1827 mutatis
494 1775 640 1830 referunt:
664 1772 833 1845 plerumque
853 1773 951 1828 huten
968 1771 1081 1842 glossam
1101 1771 1177 1826 suut.

184 1860 285 1918 Tertia
303 1850 371 1933 pars
396 1859 507 1930 glossas
527 1861 665 1918 eontinet
684 1862 837 1927 -Quum
861 1859 980 1934 quidem
1004 1859 1179 1918 scholiorum

184 1949 419 2009 distributionem
443 1949 613 2008 Schuetzius
636 1951 764 2023 recepit:
788 1967 881 2024 eaque
904 1950 945 2007 ad
967 1951 1095 2024 quinque
1119 1951 1178 2006 tra·

145 2105 152 2114 ,
183 2039 303 2111 medias
322 2055 396 2112 quae
415 2039 583 2098 melioribus
601 2039 730 2111 gaudem
748 2040 866 2098 scholiis
884 2040 1028 2114 pertinet:
1046 2038 1186 2112 reliquae

183 2123 383 2208 (Ohoephori,
409 2123 578 2209 Supplices)
603 2130 707 2187 cadem
732 2131 842 2188 carent.
879 2129 978 2186 Etiam
995 2130 1028 2186 in
1046 2129 1178 2186 editione
1208 2189 1215 2198 ‚

183 2219 306 2278 Victorii
329 2218 440 2276 scholia
468 2219 541 2276 haec
570 2219 683 2278 minora
710 2213 781 2300 (Ch.
806 2212 924 2300 Suppl.)
952 2218 991 2276 ed
1018 2215 1200 2289 marginem*

182 2309 389 2380 glossematum
397 2309 491 2366 instar
499 2309 734 2385 eheuptasunt,
753 2324 849 2384 neque
859 2307 1013 2382 etreliqua
1032 2323 1177 2366 commen·

182 2396 251 2457 terii
268 2397 363 2456 instar
379 2399 475 2456 textui
493 2398 655 2469 subjuncta.
667 2429 707 2444 -
724 2399 850 2476 Scholia,
870 2413 951 2474 qnae·
964 2400 1088 2458 aliorum
1105 2413 1177 2472 poo-

182 2489 279 2544 turum
296 2503 400 2544 verens
418 2489 605 2565 comparant,
630 2490 732 2562 procul
756 2489 847 2547 dubio
869 2491 1068 2548 vetustissima
1092 2490 1177 2546 eunte

180 2574 330 2652 proxime,
355 2576 417 2634 sive
436 2577 526 2634 etiam
544 2577 726 2654 antiquiora,
745 2595 781 2636 ea
800 2595 943 2653 quaeres
966 2579 1176 2651 mythologieas

79 2682 83 2689 ·
182 2665 351 2727 dilucidant
400 2666 613 2724 Receutissima
643 2668 753 2726 scholia
784 2669 921 2745 metrIca,
951 2666 1177 2746 παραφράσεις,

182 2756 367 2828 glossemate.
406 2757 522 2814 Scholia
546 2757 609 2816 sive
634 2758 748 2828 glossae
767 2758 906 2818 metricae
930 2759 1057 2818 maxime
1084 2773 1120 2816 eo
1137 2756 1177 2814 ah

180 2845 348 2920 Euripideis
366 2849 397 2904 et
415 2847 600 2906 'ihidiniunis
619 2847 739 2924 distant,
759 2847 838 2922 quod
856 2849 987 2909 criticam
1004 2852 1099 2907 artem
1115 2861 1178 2906 non
1215 2923 1217 2927 ,

180 2936 381 3013 promulgent,
406 2937 542 3011 quodut
565 2938 657 2996 verbo
676 2937 771 2996 dicam
789 2937 966 2996 iiicliniano
989 2939 1055 2995 illo:
1081 2933 1176 3008 οὕτως

179 3020 352 3104 temptatae
370 3027 442 3103 παρ’
461 3024 560 3100 ἡμῶν,
580 3027 652 3106 παρ’
670 3021 746 3102 ἐμοῦ
764 3030 874 3084 carent
912 3028 1108 3086 Nihilominus
1127 3043 1175 3104 ce,

178 3116 237 3174 nisi
256 3118 327 3174 cod.
346 3115 433 3173 haur.
452 3117 488 3174 n
508 3115 640 3174 iiiclinii
658 3119 785 3173 aetatem
802 3117 889 3187 longe
909 3121 1071 3194 superaret,
1089 3116 1138 3173 rel
1156 3131 1176 3172 a

179 3203 318 3262 inclinio
336 3205 467 3276 proiecta
491 3221 556 3261 esse
576 3205 710 3262 dicerem.
728 3235 767 3250 -·
785 3207 832 3262 De
851 3205 984 3261 'lhiclinii
1004 3207 1110 3262 (lodice
1129 3205 1175 3260 in·

180 3295 225 3350 ire
243 3292 346 3350 dicam.
365 3323 405 3336 -
422 3292 538 3350 Scholia
554 3293 702 3370 Aeschyli,
721 3297 755 3350 ut
773 3309 850 3350 nunc
870 3309 902 3348 se
921 3292 1045 3367 habent,
1065 3307 1083 3348 a
1101 3291 1175 3350 mul·

180 3383 219 3440 tis
238 3381 365 3439 librariis
382 3382 465 3439 varia
482 3382 595 3440 ratione
622 3383 760 3458 decerpta
785 3385 815 3438 et
841 3382 1027 3458 detruncata,
1053 3379 1173 3438 asehe-

179 3470 274 3531 liastis
298 3472 331 3528 in
354 3471 473 3530 brevius
498 3474 645 3530 contracto
669 3489 750 3550 esse,
779 3475 825 3530 sat
853 3475 934 3530 certo
958 3473 1064 3529 docent
1088 3483 1174 3542 argu-

179 3565 286 3620 menta
324 3562 520 3636 Interpretum
538 3563 734 3636 antiquiorum
752 3563 871 3621 nomina
887 3561 1054 3637 perierunt:
1083 3561 1173 3616 immo

179 3669 216 3734 ne
235 3653 354 3725 Didymi
379 3650 498 3734 quidem
521 3653 630 3711 mentio
654 3656 732 3712 iacta
755 3656 816 3710 est:
844 3654 888 3712 ita
915 3655 949 3710 ut
977 3651 1014 3710 de
1043 3649 1172 3708 fontibus

180 3743 354 3802 scholiorum
379 3742 577 3800 difficillimum
602 3744 641 3800 sit
665 3744 822 3818 disputare.
860 3741 1055 3802 Nihilominus
1079 3739 1172 3800 omni·

180 3849 272 3905 genae
283 3833 532 3909 interpretationis
551 3833 711 3908 specimina
722 3834 859 3905 legimus:
878 3829 1013 3892 Λντικόν
1030 3847 1171 3905 agnoscas

180 3924 212 3981 in
224 3923 318 3983 schot
331 3925 410 4001 Sept
423 3925 478 3986 Th.
491 3925 555 3984 957.
584 3923 722 3985 criticum
731 3923 764 3984 iu
772 3924 862 3986 schol.
871 3922 952 3988 Pers.
962 3924 1029 4003 637,
1042 3923 1121 3984 alibi.
1132 3927 1174 3970 ·-'
