2790 4712
561 453 767 518 ..35-

172 626 216 681 ita
234 638 266 679 se
285 621 411 684 habeant
428 621 491 678 loca
510 622 628 677 cnotme
647 623 778 678 nostrum
803 617 935 676 duximus
961 631 1034 691 quae
1059 617 1159 675 hodie-

173 731 230 788 que
249 712 478 786 interpolationis
498 712 634 786 antiquae
660 711 817 786 specimina
842 708 1008 766 exhibuisse
1027 710 1159 767 videren-

162 801 228 862 tur.
254 804 356 878 Neque
375 819 444 876 ergo
462 803 725 860 nocentissimorum
743 802 933 874 interpretum
945 797 1160 872 disquisitiones

171 896 302 970 pluribus
328 908 462 953 enarrare
481 909 576 950 meum
601 897 678 969 erat,
703 893 754 949 uhi
779 893 815 948 de
841 890 1048 965 antiquissimis
1072 892 1160 948 inter·

171 987 384 1063 polationihus,
410 1001 484 1060 quae
502 985 692 1060 probabiliter
711 985 812 1040 saltem
835 983 909 1056 ipsis
929 983 1160 1041 scholiastisan·

170 1079 311 1153 tiquiores
331 1081 438 1154 essent,
456 1078 626 1152 loquuturus
646 1091 732 1132 eram.
770 1074 884 1133 Deinde
902 1091 973 1132 vero
991 1074 1160 1132 temerarias

171 1173 303 1228 actorum
321 1172 352 1226 et
368 1169 552 1226 librariorum
563 1181 653 1223 'curas
677 1170 833 1241 propterea
855 1159 941 1234 'tetigi
958 1167 992 1220 ut
1010 1166 1161 1222 historiam

131 1313 134 1318 .
172 1261 333 1318 tabularum
350 1259 503 1334 Aeschyli,
523 1257 688 1333 Sophoclis,
714 1255 863 1329 Euripidis
883 1255 1042 1312 mames
1065 1255 1162 1328 aliqua

85 1368 88 1384 ³
171 1354 265 1428 purte,
284 1351 359 1408 bene
379 1351 474 1408 sciens
492 1349 657 1406 universam
675 1347 836 1405 fabularum
850 1345 1001 1403 historiam
1019 1362 1038 1402 a
1055 1350 1162 1403 memet

172 1443 366 1516 couscriptum
390 1453 450 1499 non
473 1440 527 1517 iri,
555 1439 626 1496 inde
651 1439 687 1496 ah
712 1438 786 1512 ipsis
811 1439 959 1494 aucmrum
982 1437 1161 1512 temporibus

172 1533 340 1607 inciperem.
358 1562 399 1577 -
417 1533 553 1590 Ceterum
570 1549 588 1588 e
608 1531 714 1605 quibus
739 1529 836 1600 graeci
860 1528 997 1586 dramatis
1021 1529 1160 1586 historiae

170 1639 236 1682 eam
253 1626 382 1700 partem,
408 1639 482 1697 qnae
502 1621 539 1679 de
557 1622 623 1696 ipso
641 1622 803 1679 fabularum
821 1621 958 1679 contextu
976 1623 1058 1696 agat,
1084 1635 1160 1678 corn·

169 1729 279 1787 ponere
297 1715 459 1791 possimm,
478 1717 539 1772 tam
562 1729 655 1788 pauca
672 1712 759 1770 nobis
778 1711 964 1785 suppeditant
983 1711 1103 1787 Graeci,
1127 1714 1162 1768 ut

171 1805 251 1878 quod
267 1806 405 1864 nonnulla
423 1805 565 1878 quaedam
583 1805 706 1877 abrupte
727 1803 865 1876 iustoque
882 1803 1001 1860 brevius
1027 1801 1160 1878 dixerim,

170 1909 231 1952 non
248 1909 368 1966 magnae
387 1897 518 1969 prolecto
535 1895 731 1965 negligentiae
748 1893 866 1964 coargui
884 1909 970 1967 posse
989 1891 1098 1948 videar.

207 1986 357 2053 Quibm
375 1985 543 2059 praemissis
562 1984 601 2042 ad
618 1986 741 2059 primam
764 1983 1016 2058 interpretationis
1032 1985 1160 2041 Graecsm
1284 2019 1290 2028 ·

170 2037 295 2136 whhm
314 2075 535 2134 describendam
552 2091 600 2132 me
618 2078 763 2133 converto.
782 2105 822 2119 -

242 2170 309 2227 Jam
327 2170 395 2225 aute
413 2167 539 2238 Lycurgi
562 2169 651 2238 atque
669 2165 835 2223 Aristotelis
859 2167 991 2240 tempora
1015 2165 1062 2222 de
1072 2166 1161 2238 justis
1224 2187 1227 2195 s

161 2261 258 2317 'bium
275 2259 464 2330 'lhagicorum
481 2257 690 2331 interpretibus
710 2271 804 2314 senno
823 2255 951 2313 nondum
969 2259 1159 2330 potestesse.

88 2418 91 2426 Ι
168 2351 294 2424 Lycurgi
312 2352 420 2426 autem,
439 2345 560 2406 illustris
579 2345 803 2406 Atheniensium
821 2347 954 2424 oramris,
974 2349 1055 2420 cujus
1066 2349 1162 2424 primo

169 2444 265 2517 capite
284 2442 402 2517 saepius
426 2439 625 2515 meminimus,
649 2436 756 2496 iterum
774 2437 1068 2496 mentionemiaeere
1093 2453 1160 2498 nos-

169 2536 231 2590 met
247 2535 403 2608 propterea
413 2528 538 2607 oportet,
558 2530 638 2604 quod
648 2529 797 2604 publicum
807 2529 879 2588 illud
890 2529 1052 2588 fabularum
1062 2544 1161 2590 exem·

170 2624 251 2697 plum
275 2623 362 2694 jussu
379 2621 504 2693 Lycurgi
535 2623 697 2678 coniectum
726 2621 851 2678 maximo
882 2620 914 2677 in
929 2619 1053 2678 honore
1083 2621 1162 2696 apud

169 2727 271 2772 omnes
288 2714 465 2788 interpretes
483 2711 672 2784 magicorum
697 2715 775 2789 erat,
793 2707 906 2786 quod·
896 2727 971 2786 1psa
978 2705 1035 2768 lex
1053 2711 1162 2784 Ιιιιιιιι-

170 2819 225 2877 gea
242 2805 366 2880 primam
383 2803 513 2862 omnium
530 2806 564 2859 ut
577 2803 698 2860 videtm
715 2804 876 2860 fabularum
893 2802 1051 2863 edihonem
1060 2804 1161 2929 nescio

169 2911 208 2954 an
225 2896 426 2954 recemicncm
444 2909 560 2968 quoque
577 2895 675 2968 parari
689 2893 787 2964 jussit
805 2925 845 2938 -

242 2987 346 3044 Latum
364 2995 429 3043 esse
447 2985 543 3056 legem
565 2984 653 3041 istam
677 2983 984 3060 contumacem
1008 2931 1162 3057 ingeniosa

169 3081 271 3136 censet
292 3077 480 3136 Boeckhius⁰
486 3070 589 3155 ³-).
618 3075 716 3151 Ipsam
738 3077 833 3148 legem
857 3077 1059 3152 explicuerunt
1082 3093 1159 3135 com·

113 3185 117 3194 “
170 3170 278 3246 plur-eq
296 3169 374 3226 inter
393 3183 466 3242 quos
484 3167 654 3244 novissimo,
673 3181 759 3242 quem
779 3168 850 3244 scio,
870 3168 1033 3238 Grysario·
1039 3161 1069 3250 ⁴)
1086 3185 1159 3242 prae

170 3258 290 3334 reliquis
310 3258 460 3317 assentior.
492 3258 537 3318 Ac
555 3257 642 3316 fidem
665 3257 825 3316 namationi
850 3256 929 3330 apud
952 3259 1100 3318 auctmem
1117 3259 1157 3320 Σ
1236 3305 1238 3310 .

171 3349 235 3410 vitt
255 3352 400 3408 oratorum
417 3349 625 3426 interpretum,
650 3351 720 3423 quot
739 3347 815 3424 scio,
833 3363 919 3405 nemo
938 3346 1088 3419 abrogavit
1102 3346 1156 3430 ἰ).

171 3442 213 3500 At
235 3441 365 3518 prolecto
388 3439 518 3518 mireris,
550 3439 628 3515 quod
652 3439 689 3496 de
714 3438 807 3497 tribus
838 3437 1016 3497 solummodo
1040 3437 1157 3510 tragicis

236 3667 282 3816 hh}
297 3668 317 3802 h
333 3667 353 3800 h
369 3679 397 3814 h.
413 3666 519 3818 ihqq„
542 3749 587 3802 ubi
609 3763 636 3800 ι.
659 3761 728 3813 quas
750 3747 832 3800 affert
853 3745 898 3798 ιιι
920 3746 1018 3796 doetus
1041 3744 1155 3799 eborum
1246 3703 1272 3740 μ

169 3833 293 3886 virorum
308 3835 472 3886 ιιιιιιιιιιιιι

237 3917 283 3977 tt)
299 3919 335 3970 ns
357 3918 478 3969 testatur
498 3916 613 3966 l’botlus
638 3914 700 3966 eod.
720 3913 770 3966 268
790 3928 817 3977 p
834 3912 891 3963 lau.
925 3913 965 3965 Ad
986 3913 1120 3966 theatrum
1136 3928 1155 3965 a

170 4001 304 4066 Lycurgo
331 3999 461 4052 videlicet
488 3993 691 4052 exaedificatum
717 3997 922 4062 perimuntque
946 3998 1014 4120 Ιιέι)
1039 3995 1156 4054 meac
