2908 4712
276 397 286 436 l

559 423 828 522 ---1ou---¹

173 629 290 702 eipuum
308 622 529 682 scholiastarum
552 623 662 679 tonum
679 621 770 679 tuisse
790 618 1035 680 demonstrabunt.
1073 622 1164 694 Berg-

120 721 128 748 ⁸
172 717 241 776 kius
260 717 358 774 autem
374 713 446 771 iilud
470 727 585 787 quoque
610 709 788 789 ὑπόμοημα,
814 709 893 785 quod
912 711 975 768 κατ’
994 705 1096 788 ἐξοχὴν
1121 713 1173 770 sie
1202 783 1205 793 J

174 807 296 883 dieitm,
315 802 434 876 Didymi
452 804 543 861 tuisse
563 805 671 876 censet.
709 803 753 859 Au
772 801 889 876 saepius
915 801 1024 858 omisso
1047 803 1163 860 nomine

174 898 280 955 uitetur
297 892 333 954 οὑ
350 893 529 970 ὑπὺμνημαε
549 907 574 951 a·
586 892 675 950 sehol.
695 893 763 952 Ant.
784 892 849 969 523,
870 891 952 948 1³26.
971 891 1079 948 Eleetr.
1099 891 1164 968 451,

107 1057 110 1066 A
173 985 229 1044 488
247 980 335 1067 (bis).
373 986 456 1052 Quae
476 984 591 1042 demum
616 983 741 1060 scholia,
767 982 920 1057 quominus
945 981 983 1040 ad
1006 980 1166 1052 Didymum

172 1079 298 1134 referam
316 1074 429 1152 omnia,
454 1076 572 1133 videtur
589 1074 745 1149 prohibere
765 1072 854 1130 schol.
873 1073 918 1131 El
938 1073 1010 1137 488:
1033 1067 1098 1144 ἥξει
1116 1072 1167 1130 καλ

173 1164 338 1248 πολὺποος]
357 1160 518 1244 ὑἘρονὺς,
537 1163 555 1238 ἡ
574 1159 673 1240 ἐκείνῳ
685 1162 733 1241 τῷ
751 1166 835 1242 φόνῳ
847 1161 1097 1235 ἀκολουθήσασα·
1117 1158 1168 1218 οὑ-

173 1273 234 1326 τως
250 1252 337 1334 ἓντῷ
354 1255 556 1333 ὑπομνήματα
575 1253 709 1325 usaue:
730 1250 775 1312 Τὸ
794 1252 950 1323 πολύπους
967 1247 999 1323 ἐν
1015 1249 1168 1332 ὑπερβολῇ

174 1343 297 1419 ἔθηκεν·
321 1341 353 1405 ἐν
371 1341 405 1405 di
419 1347 467 1424 τῷ
491 1345 685 1422 ὑπομνήματι
707 1346 800 1404 κεῖται
825 1343 989 1412 πολὺπαοςτ
1013 1336 1076 1400 eme
1093 1336 1167 1422 reip,

175 1439 284 1514 Wlts‘
304 1431 336 1495 ἒν
353 1435 400 1513 uqi
417 1436 540 1515 Ὀρέστῃ
558 1433 728 1509 teloneinus
746 1429 853 1494 ἐλπίδα
877 1431 992 1510 ἔχουσι,
1017 1427 1052 1490 τὸ
1071 1429 1168 1489 πολὺ-

174 1545 245 1597 ποις
263 1522 295 1585 ἐν
309 1525 460 1607 ὑπερβολῇ
478 1525 598 1600 ἔθηκεν,
618 1521 751 1600 ἡπολλοὶ
768 1519 842 1582 κακοὶ
861 1527 1009 1581 τίκτουσα.
1027 1553 1066 1567 -·
1082 1522 1168 1580 Prius

173 1631 229 1690 pro
248 1618 375 1676 seeundo
393 1612 425 1676 ἓν
442 1613 488 1694 uqi
510 1617 620 1694 ὑπομο.
645 1633 787 1691 reponere
806 1613 836 1673 ἔν
853 1633 912 1672 ται
925 1612 1040 1689 ’ὑπομπ
1059 1612 1169 1682 eogita-

174 1707 251 1764 bam.
289 1707 331 1764 At
358 1708 477 1783 melius,
505 1709 644 1781 quoniam
662 1706 783 1778 Bergkii
802 1705 965 1763 sententiae
985 1716 1172 1777 summopere
1222 1739 1224 1748 ι

176 1795 320 1852 assentior
345 1795 381 1852 de
405 1795 526 1867 Didymi
551 1797 775 1870 hypomnemate
803 1796 899 1867 cogito
928 1795 1036 1870 quippe
1064 1811 1083 1851 a
1110 1807 1169 1866 quo

175 1886 250 1942 alius
267 1885 437 1959 interpretis
455 1883 620 1960 ὑπόμνημα
637 1885 786 1942 laudatum
805 1887 852 1943 sit.
873 1887 1055 1959 Quamquam
1072 1885 1169 1940 utrum

138 1973 295 2054 ,Didymi
311 1991 345 2032 re
363 1976 550 2053 veratuerit,
570 1976 599 2033 lu
618 1977 638 2033 l
658 1977 760 2033 neseio
776 1976 835 2032 nisi
853 1976 934 2050 quod
951 1977 1077 2051 primum
1096 1973 1169 2031 diei·

175 2068 224 2122 tur
243 2061 338 2135 οὑτως
355 2060 386 2123 ἐν
403 2062 448 2141 τῷ
465 2063 531 2136 ὑπ,
559 2066 599 2123 ad
616 2081 684 2122 eum
700 2069 809 2124 referre
827 2067 920 2124 malis.
948 2098 988 2110 -
1013 2069 1080 2124 Jam
1098 2079 1169 2122 vero

175 2151 213 2212 οὑ
228 2153 393 2230 ὑπόμνημα
411 2155 501 2212 etium
519 2155 577 2213 alia
594 2156 708 2214 ratione
727 2157 837 2214 dietum
848 2171 913 2212 esse
926 2155 1061 2228 accipias.
1079 2155 1169 2212 Nam·

176 2261 233 2318 que
253 2246 427 2304 admodum
446 2246 549 2304 scholii
566 2247 599 2303 iu
616 2247 686 2304 Ant.
706 2247 753 2323 45,
772 2247 824 2304 ubi
841 2244 985 2317 Didymus
1009 2245 1072 2314 τοῖς
1095 2241 1170 2301 ὑπο-

175 2337 392 2410 μνηματισταΐς
409 2336 584 2410 ἱροοαοτὺο
610 2337 783 2412 opponitur,
802 2331 844 2395 ’τό
869 2335 1030 2412 ὑπόμνημα
1052 2312 1171 2392 videtur

176 2425 348 2498 antiquioris
366 2427 535 2498 interpretis
555 2443 621 2483 esse
639 2426 728 2500 idque
741 2443 759 2484 a
770 2426 896 2498 Didymo
914 2430 1027 2484 tantum
1039 2425 1169 2482 citatum.

177 2514 290 2580 Quodsi
306 2515 350 2570 ita
366 2529 400 2570 re
418 2529 490 2570 vera
508 2531 540 2570 se
559 2515 665 2592 habet,
689 2517 742 2572 aut
765 2516 874 2590 ubique
898 2511 930 2574 ἐν
954 2517 1010 2574 roi
1027 2514 1080 2572 ὑπ.
1101 2514 1170 2594 seri-

176 2604 272 2678 puisse
289 2603 448 2675 Didymum
466 2605 517 2661 aut
534 2605 765 2680 uniuscuiusque
789 2606 960 2680 interpretis
978 2620 1085 2662 nomen
1104 2609 1171 2662 eum
1265 2591 1272 2614 ⁹

175 2693 349 2768 apposuisse
367 2697 497 2769 apparet.
535 2696 612 2753 Nam
624 2696 751 2769 quid.de
770 2696 826 2754 hae
844 2715 877 2753 re
897 2699 1023 2754 statuam
1040 2695 1171 2768 proiecto

102 2845 110 2858 ,
176 2785 229 2842 nbi
248 2784 338 2842 sehol.
357 2785 428 2842 Ant
447 2785 484 2842 45
504 2786 657 2843 oonsidero
675 2785 801 2859 ambigo.
830 2788 963 2861 Namque
983 2787 1009 2844 si
1026 2786 1174 2857 Didymus

175 2875 368 2948 interpretum
386 2876 505 2933 nomina
522 2877 767 2954 praetermiserit,
787 2895 839 2935 eur
857 2892 966 2951 quaeso
984 2877 1030 2935 Pii
1048 2875 1171 2933 mentio·

175 2975 244 3022 nem
262 2961 353 3022 leuitt
379 2968 420 3025 Ut
438 2970 551 3024 taeeam
568 2967 606 3022 de
625 2967 818 3045 Praxiphane,
838 2969 919 3040 eujus
937 2965 1171 3040 interpretationi
1279 3005 1286 3016 ·

169 3055 255 3112 inter
271 3055 400 3129 reliquas
418 3057 626 3131 praestantiori
645 3059 773 3114 auetoris
791 3073 899 3116 nomen
917 3058 1091 3129 subjungere
1104 3073 1171 3130 per·

171 3159 265 3217 ,quam
282 3149 384 3217 aptum
401 3147 498 3203 tuerit.
522 3147 627 3204 Nonne
647 3163 748 3204 eorum
766 3161 881 3221 quoque
899 3149 1017 3226 nomina
1035 3147 1087 3220 qui
1106 3161 1171 3204 sex·

177 3233 271 3289 uentis
297 3228 446 3314 locum)
475 3235 646 3310 stuplieiter
673 3237 812 3294 audiunts
846 3233 880 3292 oi
904 3230 952 3304 di,
981 3233 1073 3302 τινὲς,
1100 3233 1173 3292 ἔνιοι

178 3321 352 3380 scholiastae
380 3324 478 3396 potius
506 3326 667 3384 omiserunt
694 3342 782 3401 quam
805 3325 949 3397 Didymus
974 3317 1045 3380 iuet
1082 3323 1126 3380 Ae
1146 3321 1171 3379 si

96 3495 101 3500 Ι
162 3411 305 3495 sobolis,
324 3411 430 3486 quibus
454 3411 653 3494 ὑπομνήματα
670 3419 868 3476 memorantur
889 3411 930 3472 'ad
948 3410 1107 3486 Didymum
1124 3429 1170 3470 re·

244 3724 306 3790 218)
323 3725 463 3781 Nonnulla
478 3724 605 3790 aiteram,
630 3731 662 3780 ut
686 3731 781 3784 seloll.
803 3723 882 3798 Ajae.
904 3729 961 3788 899,
989 3727 1093 3780 lileetr.
1109 3727 1171 3798 let,
1198 3767 1206 3776 .

135 3857 138 3864 Δ
178 3807 466 3884 aaa,esr,ose,sse.
498 3809 961 3882 melos,011,roa,ero,1soa
984 3807 1052 3863 oea.
1075 3807 1171 3866 colon.
1226 3843 1230 3854 ,
1333 3849 1336 3860 .

180 3889 370 3946 laesuram.
388 3891 430 3964 os,
447 3891 506 3958 1⁷23
524 3895 579 3946 αο.
