2790 4712
514 377 722 460 ..ἠ-

118 563 238 621 naono
256 557 423 634 {illustrauit
448 557 603 635 Tragicos,
633 561 693 616 iere
725 557 799 615 nihil
825 562 967 632 superesi.
1018 558 1122 633 Neque

120 653 286 711 scholiam
304 655 364 708 tres
382 649 521 720 Tragicos
546 666 585 706 ex
609 648 740 719 ejusdem
759 649 1049 708 commentationibus
1068 651 1120 708 ali·

121 744 197 818 quid
216 755 348 800 servasse
368 743 490 798 mustat.
534 741 576 796 At
600 740 712 812 reliqua
736 739 904 813 philosophi
923 741 1030 812 scripta
1048 742 1121 798 uro

120 835 221 911 giecs,
240 849 368 908 quorum
381 831 511 893 omniurn
528 845 590 888 non
607 845 666 886 uno
684 832 748 888 loco
767 831 949 886 mentionem
963 831 1049 906 lacit,
1068 845 1119 904 pe·

119 926 202 982 nitus
222 925 353 995 cognitos
373 937 440 978 eum
458 921 596 979 habuisse
615 921 776 978 luculenter
795 919 952 982 ostendunt
968 915 1038 1002 ¹²⁸).

196 1013 365 1072 Dramatioa
389 1012 493 1068 summi
518 1011 695 1085 philosophi.
711 1010 809 1068 studia
833 1028 853 1068 a
877 1011 1028 1084 discipulis
1057 1011 1130 1094 ejus

117 1107 290 1172 continuata
301 1107 396 1177 atque
416 1103 532 1159 exordia
550 1105 626 1158 sunt.
1107 1113 1111 1127 ·

197 1195 500 1292 ETlteopdraati'
517 1209 633 1282 scriptis
662 1208 719 1265 huc
750 1209 913 1282 pertinenti
944 1205 1032 1285 Πρὸς
1056 1206 1122 1266 Au·

119 1307 232 1382 σχύλον
251 1309 294 1379 bt,
314 1309 387 1386 περι
402 1305 562 1382 μουσικῆς,
582 1299 822 1378 declamatorie
847 1305 876 1358 cl.
891 1295 962 1380 m).
982 1331 1021 1344 -
1045 1302 1121 1358 Eum

119 1399 299 1470 peculiarem
319 1399 355 1454 de
375 1397 525 1467 tragoedia
542 1387 649 1451 librum
668 1391 820 1465 scripsisse
832 1391 983 1450 Fabricius
999 1394 1124 1466 propter

119 1487 299 1544 Diomedem
316 1488 558 1560 Grammatieum‚
585 1483 636 1557 qui
654 1499 693 1538 ex
711 1483 905 1556 Theophrasti
923 1482 998 1540 libro
1018 1483 1118 1540 defini-

119 1577 234 1658 tionem
252 1578 420 1649 tragoediae
439 1577 575 1652 protulit,
602 1574 774 1646 suspicatur.
819 1574 860 1629 At
883 1573 933 1629 illa
951 1573 1118 1647 philosophi

120 1669 267 1724 sententia
278 1667 429 1724 meliorem
441 1669 473 1724 in
483 1668 559 1726 libro
576 1666 612 1724 de
624 1664 741 1739 poetica
754 1668 817 1720 arte
831 1665 927 1720 locum
939 1664 1028 1722 habet
1043 1660 1115 1745 ¹¹⁸).

119 1789 159 1801 -
177 1759 202 1814 E
222 1759 418 1832 Theophrasti
437 1755 727 1815 commentationibus
751 1755 825 1811 nihil
851 1759 991 1827 superest
1039 1756 1117 1812 Gita-

119 1851 170 1903 tur
189 1864 207 1902 a
226 1847 318 1903 Schol.
338 1847 439 1920 Eurip.
458 1847 624 1923 Hippolyt,
650 1848 699 1904 uhi
724 1847 836 1919 aliquot
861 1845 939 1901 dicta
962 1845 1118 1902 illustrium

121 1921 360 2010 philosophorum
384 1940 607 2009 percensentur:
636 1953 671 1994 ac
699 1939 767 2009 post
793 1937 887 1992 relata
916 1935 1023 1992 Critiae
1049 1935 1118 1992 Pin·

121 2027 243 2099 darique
263 2027 356 2083 deils
371 2026 483 2097 judicia
508 2027 626 2084 additur
643 2026 910 2099 Theophrasteums
936 2023 953 2082 ὁ
979 2019 1013 2082 δέ
1036 2023 1117 2084 Θεό-

121 2123 256 2196 φραστος
275 2115 318 2186 ὥς
336 2113 372 2174 ul
391 2113 529 2193 Σισύφου
548 2117 693 2190 λεγόμενα
711 2119 762 2172 καὶ
778 2113 922 2184 Πιτθέως
944 2109 1007 2171 οἷον
1024 2111 1118 2190 μηδὲν

121 2205 219 2280 ἅγιοι,’
240 2202 318 2284 μηδὲ
343 2201 427 2263 δίκαι
446 2201 577 2283 δικάσῃς.
597 2233 635 2248 -
654 2207 736 2271 Quae
756 2205 874 2279 quidem
892 2205 930 2262 ad
949 2206 1014 2278 ipsa
1032 2206 1117 2262 Euri-

120 2297 197 2371 pidis
216 2292 307 2353 v'erba
326 2291 497 2370 explicanda
516 2297 591 2352 bene
610 2295 721 2352 iaciunt
734 2290 805 2378 ¹¹⁸).
826 2328 865 2339 -
885 2298 1020 2354 Getarum
1039 2311 1115 2354 com-

121 2388 329 2445 mentariorum
347 2387 379 2442 in
396 2387 569 2460 Euripidem
587 2389 718 2460 prolecto
736 2385 847 2442 nullum
865 2387 1020 2460 specimen.
1040 2417 1079 2431 -

194 2477 456 2553 Dicaearchus
480 2475 699 2552 Messenius
724 2511 798 2568 opus
818 2491 1022 2552 didascalicum
1042 2495 1113 2551 seri·

105 2593 188 2664 -psit
227 2593 266 2648 Ut
285 2590 480 2664 antiquiorum
500 2593 659 2648 sententias
679 2591 919 2666 praetermittam,
939 2591 1116 2648 recentiores

120 2687 152 2740 ut
171 2681 356 2757 Boeckhius,
376 2680 524 2757 Nereidas,
546 2682 677 2740 Rankius
696 2683 873 2758 peculiarem
893 2681 929 2739 de
950 2680 1116 2738 didascaliis

119 2825 316 2838 unm

185 2905 245 2971 ω)
269 2909 329 2958 Una
348 2907 500 2974 noanon,
529 2919 601 2969 quae
623 2909 714 2958 schol.
740 2908 821 2970 soph.
847 2905 914 2956 Oed.
938 2904 996 2956 (iol.
1020 2919 1045 2962 v.
1064 2906 1112 2956 ⁷⁰1

119 2979 200 3044 auoit
216 2994 287 3045 haue
302 2991 331 3044 tu
348 2992 544 3047 commentario
549 3025 561 3058 ,
582 2993 765 3056 probabiliter
786 2995 814 3046 iu
833 2981 1016 3060 ἐξηγημένωι
1034 2994 1124 3051 libris·

119 3077 233 3126 entare
244 3074 346 3138 potuit:
369 3080 490 3129 attamen
512 3077 583 3128 eard
600 3075 744 3140 quidquam
760 3078 889 3140 prolerre
906 3091 961 3128 non
979 3090 1060 3142 queo.
1078 3103 1112 3114 -
1226 3073 1229 3078 ’

120 3154 249 3212 Ceterum
265 3159 316 3208 eir.
334 3158 484 3216 dramatum
500 3157 702 3232 deperditarum
724 3161 887 3224 fragmenta,
911 3173 933 3234 e
950 3159 1113 3212 collectione

120 3237 263 3306 uincor-nr,
286 3252 339 3300 quo
364 3239 484 3290 celerius
508 3241 542 3291 de
564 3239 716 3304 phllosophi
737 3241 1015 3308 studiisldramaticis
1033 3240 1112 3305 judl-

120 3331 184 3369 rare
202 3319 300 3380 possls.
1026 3317 1028 3326 ‘

184 3399 342 3464 lailoun.
360 3403 449 3469 nu,
466 3404 608 3455 er-ra
937 3418 956 3452 .

182 3483 244 3546 125)
266 3483 386 3544 Fabricii
406 3486 473 3544 alul,
494 3487 594 3538 Graec.
618 3489 648 3546 ΙΙ,
665 3501 692 3550 p.
709 3489 766 3538 88⁶.
804 3487 1110 3540 ornumornum.

120 3566 160 3616 lll.
177 3581 201 3630 p,
218 3567 276 3626 484,
309 3568 417 3620 Dudum
434 3570 578 3624 scelestus
593 3570 710 3624 Fabricii
728 3572 882 3634 opinionem
902 3569 1043 3622 refutarit.

180 3655 244 3714 126)
261 3659 291 3714 A.
310 3657 434 3720 Diogene
449 3658 544 3708 haert.
560 3659 689 3710 laudatur
706 3659 787 3711 etiarn
804 3657 952 3721 pecrrllaris
978 3649 1114 3723 iuopia*

119 3739 219 3810 μάτων
237 3745 322 3804 liber.
346 3733 517 3816 loropoardv,
537 3747 565 3798 nl
582 3748 680 3808 sallon
702 3749 814 3808 saeptus
835 3745 885 3794 illo
907 3749 1031 3803 tempore
1046 3741 1109 3792 lihrl

120 3822 235 3888 ejusden
254 3827 490 3890 somniamus.
534 3827 763 3881 Commentarlum
790 3826 818 3876 io
843 3825 999 3887 Euripiden
1023 3824 1110 3876 runs

120 3919 195 3973 nego.
