2908 4712
548 391 762 454 ...652-

154 555 216 614 alli·
229 553 387 628 scriptores
406 567 458 610 eos
478 552 654 625 singularem
672 552 803 624 Tragicis
829 561 947 626 operam
972 554 1090 614 dedisse
1110 574 1154 616 re-

156 647 265 708 ferunt.
294 675 333 688 --
359 643 437 700 Num
465 658 565 699 onmes
594 643 654 725 illi,
689 658 763 716 quos
791 643 940 700 nominavi
967 645 1154 724 interpretes,
1250 661 1252 666 '

154 734 293 792 omnibus
318 734 407 790 trium
430 733 619 804 magicorum
646 731 751 792 fabulis
775 734 823 790 usi
847 733 922 810 sint,
952 734 991 791 ad
1013 735 1156 808 liquidum

154 825 279 900 perduci
296 840 445 898 nunquam
462 825 568 897 potest
598 824 780 898 Quamquam
791 827 905 896 partem
924 840 1025 881 eorum
1043 829 1157 886 tautum

155 915 287 986 singulas
311 930 468 988 usurpasse
493 914 621 991 fabulas,
646 917 761 990 partem
786 907 898 994 (cogito
923 913 961 970 de
984 914 1155 996 Aristotele,
1269 987 1272 992 Ι
1302 889 1307 904 ’

154 1006 356 1082 Dicaearcho,
381 1003 536 1061 Heraclide
555 1001 693 1085 Pontico)
713 1021 763 1060 eas
782 1020 883 1060 omnes
909 1005 1027 1077 proprio
1052 1006 1156 1064 obtutu

156 1097 327 1170 conspicere
352 1096 500 1170 potuisse,
525 1111 667 1169 perquam
692 1097 738 1150 est
761 1090 942 1151 verisimile'
969 1098 1105 1155 Ceterum
1130 1100 1157 1156 si

155 1186 245 1258 primi
264 1186 453 1243 Gmmmatici
477 1200 579 1240 omnes
604 1183 721 1240 omnino
746 1185 858 1242 tabulas
883 1185 948 1257 pam·
974 1186 1070 1243 studio
1095 1205 1156 1244 am-
1278 1231 1282 1238 .

156 1275 238 1348 plexi
257 1279 371 1351 essent,
397 1291 436 1331 cx
454 1291 553 1331 earum
571 1288 691 1332 numero
711 1275 801 1331 multo
820 1275 918 1348 plures
938 1279 1037 1332 essent
1055 1279 1157 1350 procul

130 1363 250 1429 ¹dubio
269 1368 411 1422 servatae.
450 1365 495 1424 Ac
513 1380 551 1420 ne
571 1363 751 1422 celeberrimi
770 1364 889 1437 quidem
906 1365 1099 1424 Alexandrini
1117 1366 1157 1424 ad
1235 1391 1238 1396 ·

156 1469 249 1510 uuum
262 1454 364 1514 'omnia
383 1455 516 1512 mamam
533 1457 566 1510 ut
584 1471 638 1527 par
657 1458 720 1512 erat
739 1455 855 1538 cognita
873 1459 1084 1530 perspectaque
1103 1458 1155 1515 ha·

154 1543 299 1620 buerunt,
319 1548 352 1600 ut
369 1544 485 1602 abunde
505 1544 610 1602 docent
628 1544 738 1601 scholia
762 1546 900 1603 nonnulla
918 1546 1154 1624 Aristophauicu,

153 1633 298 1708 imprimis
317 1633 389 1693 illud
408 1635 447 1694 ad
464 1635 570 1694 Ranur.
590 1650 618 1692 r.
639 1635 740 1711 1302,
756 1636 873 1709 caepim
892 1636 977 1694 uobis
996 1637 1171 1696 laudatum*

557 1941 756 1954 affl
