2908 4712
374 321 379 333 .
592 289 634 302 -
673 255 717 322 su
757 288 798 304 -
897 277 903 286 ·
977 264 981 272 ·

205 423 278 502 ree,
298 419 381 482 sne
400 417 563 492 usuum.
582 415 721 478 senon
741 417 796 476 ser
810 413 875 498 ru)
897 381 1195 498 ..ssimum

9 457 10 482 Χ
58 511 62 518 “
175 511 355 588 ‘usquead
372 525 462 570 enum
479 508 665 581 omniajusti
690 508 1089 578 ccrnmenteriirrusteesse
1106 509 1194 571 dices

204 603 267 664 Nee
284 604 408 678 possunt
425 601 535 682 scholia
552 601 585 660 in
601 599 697 658 lexico
709 601 810 672 aptum
822 598 951 656 tenuisse
962 599 1068 677 iocum,
1086 591 1196 676 qnippe

203 693 237 752 in
255 709 313 770 quo
332 693 445 765 singula
462 691 563 768 verbe,
581 705 642 751 non
659 691 790 761 integrae
802 689 957 748 verborum
966 689 1091 766 periodi,
1108 707 1196 752 voees

204 783 419 859 inusitetiores,
443 781 685 840 non'sententiee
708 779 855 856 difficiles,
878 795 927 840 res
951 779 1078 858 denique
1102 795 1196 852 grem·

203 875 327 932 metisse
346 873 560 946 historiceeque
583 874 726 947 qnatenus
748 861 821 928 ‘ad
811 885 910 943 ipsum
936 872 1055 944 poetam
1078 859 1196 944 poetes·
1262 889 1269 902 ’

203 979 261 1038 que
279 964 391 1022 nunus
411 963 551 1038 attinent,
575 977 635 1019 non
653 961 787 1036 criticae,
806 960 924 1020 omnino
949 959 1118 1020 ineundae
1136 960 1198 1030 suot

204 1058 236 1112 et
253 1053 452 1129 explicandae.
486 1053 551 1128 An,
577 1052 604 1110 si
621 1052 695 1110 haec
713 1051 801 1108 etiam
818 1051 913 1111 lexico
931 1037 1057 1120 tregico
1060 1051 1196 1110 concedis

203 1145 318 1221 emnia,
342 1143 415 1219 quid
439 1142 605 1200 interfuisse
623 1141 739 1198 lexicon
762 1140 840 1197 inter
859 1141 1028 1214 justumque
1053 1155 1196 1202 commen·

206 1234 313 1290 terium
330 1227 437 1308 potest
456 1231 600 1304 Equidem
618 1218 857 1290 commentarium
871 1245 972 1300 ornnes
988 1230 1105 1300 omnino
1121 1231 1196 1302 glos,-

206 1323 277 1380 serii
294 1325 374 1382 vines
394 1321 558 1395 explevisse
578 1320 717 1380 arbitrere
737 1322 780 1376 ita
798 1323 841 1396 ut,
861 1319 1103 1394 quumprimum,
1121 1336 1196 1394 quae
1231 1375 1236 1379 .
1312 1311 1319 1320 ’

205 1413 293 1472 medo
312 1413 396 1470 uttnli
418 1411 547 1488 scholia,
571 1427 632 1468 non
655 1411 771 1486 possint
794 1425 854 1470 non
878 1427 900 1468 e
921 1411 1127 1480 commenmio
1145 1411 1196 1481 de·
1236 1449 1239 1454 -
1306 1413 1311 1422 '

204 1506 324 1580 prome
339 1519 414 1578 esse,
434 1502 523 1558 etiem
540 1500 612 1560 iliud
630 1501 669 1558 ad
685 1501 787 1574 Eurip.
807 1498 886 1558 Med.
907 1499 997 1558 lere:
1018 1495 1197 1578 Accepere

180 1583 185 1590 ’
203 1589 333 1672 udinem]
352 1594 403 1650 nul
421 1586 472 1650 niv
491 1585 603 1670 αἰθέρα
621 1584 815 1668 ἐπιβεβηκώς·
839 1588 857 1646 ὁ
876 1583 1013 1664 Adicitur
1031 1586 1083 1650 τὸν
1101 1584 1197 1668 lpxur

204 1677 314 1761 psupiv
331 1677 392 1738 ἀπὸ
410 1679 463 1738 τοῦ
481 1678 648 1738 uidendae.-
665 1714 705 1726 -
723 1680 820 1738 eidem
843 1679 926 1756 operi
949 1677 1197 1744 adnumemndmn

205 1786 271 1828 esse
290 1785 432 1828 censeam.
451 1801 491 1814 -

278 1861 345 1918 Jsm
363 1875 450 1936 vero,
470 1859 563 1933 qualis
582 1859 701 1918 tandem
724 1859 813 1918 inerit
830 1859 950 1932 Didymi
974 1861 1196 1923 commentarius

205 1950 263 2008 elie
281 1950 395 2008 ratione
413 1951 627 2024 pervestigebo.
664 1953 709 2009 Ac
734 1949 844 2008 scholia
866 1950 899 2005 in
920 1949 1046 2010 Homeri·
1065 1952 1196 2030 iliadem,

204 2041 339 2114 inprimis
358 2041 390 2098 in
408 2040 437 2117 β.
458 2040 529 2116 111,
553 2059 579 2096 ιι.
599 2041 652 2117 45,
677 2041 749 2118 347,
768 2040 840 2115 441,
865 2057 892 2096 ο.
911 2038 964 2114 86,
983 2059 1009 2098 τ.
1028 2041 1066 2098 76
1085 2058 1128 2116 sq.
1146 2042 1197 2118 81,

207 2129 277 2207 116,
296 2148 329 2207 φ.
350 2131 421 2207 110,
440 2130 496 2188 663
520 2131 738 2202 grammaticum
754 2145 815 2188 non
833 2129 927 2194 solum
944 2129 1125 2201 persolvisse
1149 2147 1197 2190 oo·
1288 2141 1290 2144 ·
1346 2183 1349 2192 ,

204 2221 358 2294 gnitosque
376 2221 514 2280 habuisse
533 2220 725 2293 interpretum
736 2219 821 2293 Epici
839 2209 1035 2291 entiquiorum
1054 2235 1197 2281 commen·

181 2310 295 2368 vterius
313 2311 434 2386 docent,
461 2307 514 2366 sed
537 2309 634 2383 ipsum
657 2325 773 2383 quoque
798 2308 913 2366 iliorum
937 2301 1147 2384 explicationes
1166 2303 1204 2368 in'

204 2417 259 2456 sus
277 2399 370 2473 ipsius
387 2401 614 2473 hypomnematis
637 2416 691 2472 pro
714 2399 836 2456 arbitrie
860 2399 1006 2473 recepisse
1030 2399 1196 2460 ostendunt.

158 2489 167 2500 “
204 2489 337 2548 Eandem
354 2503 422 2544 eum
439 2489 473 2544 in
490 2487 616 2546 Pindaro
635 2487 808 2563 explicando
826 2488 959 2564 posuisse
978 2505 1098 2563 operam
1115 2506 1197 2562 egre·

205 2579 253 2650 gie
281 2577 447 2636 Boeukhius
476 2577 602 2649 conjecit
627 2578 721 2636 Praei.
751 2579 846 2636 Schoi.
871 2578 954 2636 Pind.
979 2595 1009 2652 p.
1028 2577 1128 2646 XVIIr
1155 2579 1198 2638 ite

204 2683 272 2726 enm
302 2668 335 2724 in
364 2667 562 2741 Aristophane
592 2667 763 2726 illustrando
794 2684 827 2724 se
859 2670 972 2744 egisse,
1003 2668 1197 2728 Schneiderus
1270 2711 1273 2720 .

203 2773 316 2816 summe
330 2757 398 2828 jure
417 2759 532 2816 censet:
552 2758 589 2816 de
606 2760 666 2815 vet
685 2758 777 2814 Arist
798 2757 897 2816 scholi.
918 2759 938 2814 i.
958 2775 988 2832 p.
1008 2757 1054 2816 98.
1092 2761 1139 2818 De
1158 2757 1197 2826 si·

203 2833 325 2922 nillime
341 2849 440 2906 autem
458 2848 745 2924 commentariorum,
770 2863 843 2921 quos
868 2847 900 2903 in
917 2848 1055 2918 ’11131401
1081 2848 1198 2922 scripsit

191 2937 484 3010 ,condrioneaeque
503 2940 648 2995 certares
668 2940 723 3013 est,
743 2937 830 2994 modo
847 2936 892 2996 ed.
903 2936 1005 2997 scholi.
1025 2937 1113 3010 soph.
1125 2937 1195 2998 une

204 3027 257 3084 45·
247 3027 382 3130 ,Eurip
396 3027 474 3084 lded.
495 3027 560 3104 171,
580 3027 653 3103 276,
673 3028 769 3086 Orest
789 3026 868 3082 1369
881 3025 1061 3099 respicimus.
1099 3015 1197 3093 Etiam

203 3133 280 3190 qnae
296 3117 335 3174 ds
353 3100 527 3176 histrionum
545 3117 700 3190 peccatis
691 3133 724 3173 nr
741 3115 841 3176 scholi.
861 3117 929 3172 Eur.
950 3113 1030 3172 Med.
1049 3117 1121 3191 3611,
1140 3117 1197 3177 383
1291 3135 1293 3143 “

204 3207 391 3278 enarrentur,
422 3205 564 3275 Didymus
589 3221 629 3262 ex
653 3206 726 3264 alius
751 3203 902 3278 cujusdam
926 3203 1095 3274 interpretis
1119 3221 1196 3267 com·

203 3292 346 3352 menteris
365 3296 513 3366 comperte
530 3294 647 3352 habuit:
666 3298 754 3369 etque
773 3309 812 3352 ex
830 3293 908 3352 illius
925 3291 984 3348 nisi
1001 3291 1085 3348 failor
1102 3306 1196 3363 grem-

11 3340 16 3357 ’
84 3399 90 3406 -
203 3382 304 3442 musi
322 3397 428 3457 opes,
455 3383 572 3458 quise
590 3384 669 3442 osee
695 3403 722 3442 v.
744 3384 797 3444 ιιι
826 3382 1000 3442 nardorum
1027 3383 1196 3442 temerares

203 3489 288 3534 crees
312 3471 508 3546 reprehendit
534 3476 704 3539 -Verum
728 3490 787 3534 non
811 3473 941 3548 integros
964 3470 1095 3548 priorum
1119 3487 1195 3532 com·

204 3611 404 3627 w

269 3677 332 3743 111)
349 3679 474 3740 Quonim
490 3679 543 3732 cfr.
563 3676 652 3731 scier.
674 3682 742 3732 Eur.
762 3682 889 3742 mtrem.
913 3679 994 3747 1117,
1016 3678 1115 3745 quippe
1136 3677 1196 3732 sios

205 3761 288 3814 dolie
306 3762 393 3816 eidem
410 3763 527 3818 debetur
543 3761 659 3815 auctori
