2908 4712
688 341 899 408 -112-1·

299 505 417 581 sychius
435 505 532 562 eutem
551 504 582 560 et
599 502 655 577 qui
670 517 737 562 eum
749 506 883 579 proxime
901 507 1078 568 anteeedunt
1094 509 1291 591 lexicographi

300 600 327 657 si
344 599 418 656 torte
437 593 556 652 eosdem
580 607 653 666 quos
678 593 851 682 scholiastae
875 597 1025 673 Sophoclis
1050 603 1146 661 fontes
1169 623 1291 680 usurpe-

299 689 410 763 verint,
441 687 570 742 attamen
597 685 716 758 proprie
746 687 842 744 Marte
874 705 913 744 cn
943 689 1001 746 illis
1031 707 1086 750 sua
1116 701 1289 754 sumsererm

299 781 385 838 ecre
404 775 493 852 illud,
512 777 563 832 aut
581 774 753 832 scholiastae
778 777 815 834 ab
834 779 981 850 Hesychio
1005 784 1056 837 aut
1073 784 1254 858 Hesychium
1273 803 1290 846 a

237 905 240 912 ,
289 867 462 928 -scholiash‘s
486 868 642 940 usurpatos
661 881 726 924 esse
744 866 906 926 luculenter
924 868 1122 932 demonstrare
1141 875 1290 951 uhnquam

297 959 417 1034 poteris.
436 987 476 1002 -

370 1050 419 1106 Ex
434 1045 583 1121 Euripidis
608 1043 713 1133 tabulis
738 1049 943 1122 superstitibus
966 1053 1129 1125 Hesychius
1153 1055 1291 1114 undecim

296 1140 395 1200 affert:
414 1137 535 1212 diceet,
550 1135 756 1214 Andromach,
768 1140 890 1211 Hecub,
902 1141 1063 1220 Hippolyt,
1077 1146 1184 1222 orest,
1196 1146 1288 1223 Med„

295 1227 777 1306 rmnd.,suppuc‚sou,1pmg.
797 1231 896 1308 Taum,
920 1233 1013 1307 lphig.
1033 1235 1230 1292 Aulideusem.
1250 1267 1289 1280 -

295 1323 404 1397 Atque,
422 1335 510 1394 quern
529 1333 617 1392 supra
636 1317 783 1394 constitui,
803 1322 900 1380 ordini
919 1324 1047 1382 secundo
1066 1341 1225 1386 annumero
1236 1343 1288 1384 ex·

294 1411 482 1486 plicationem
504 1425 552 1466 vv.
571 1407 657 1479 edere
680 1403 808 1490 (Hecub.
828 1409 918 1494 358)3
943 1412 1129 1494 ἀιασειράζει
1152 1410 1286 1492 (Hippoi.

190 1487 201 1498 “
293 1496 383 1583 236);
412 1497 460 1558 ecs
483 1494 578 1578 (Med
605 1494 694 1578 665);
710 1495 856 1584 ,αλσυμνςῐ
880 1498 1066 1584 (Med.1e);
1095 1505 1288 1576 semensa

292 1589 390 1673 (Med
401 1583 490 1668 tee);
503 1587 636 1665 ἀφύλλου
649 1593 798 1664 πόματος
807 1586 920 1672 (Orest
931 1589 1003 1672 373)
1007 1616 1020 1666 ,-
1028 1595 1155 1674 Αἰθέρα
1165 1595 1284 1673 (Μά.

294 1676 511 1758 lotr,1ote),·
538 1674 643 1749 ἄκανος
666 1674 786 1757 (lioud.
808 1681 886 1762 117).
924 1683 1047 1756 Reliqua
1070 1684 1176 1756 quibus
1200 1701 1284 1758 prae·

221 1803 224 1818 .
292 1773 381 1830 fixum
399 1772 503 1845 poetae
521 1784 629 1826 nomen
652 1773 713 1848 est,
742 1769 849 1848 codem,
862 1772 931 1844 ,iure
955 1773 993 1830 ad
1017 1774 1151 1846 augenda
1175 1775 1285 1834 scholia

177 1901 182 1918 r
290 1865 392 1926 uesta
410 1860 549 1918 debemus
567 1875 725 1920 arcessere.
743 1893 784 1908 -

365 1951 503 2021 Aeschyli
522 1949 647 2026 denique
672 1949 764 2023 λέξεις
789 1953 894 2012 rolrum
918 1959 1057 2030 quantum
1074 1941 1119 2016 ¹ab
1137 1955 1283 2028 Hesychia

289 2042 440 2115 neglectae
459 2043 535 2096 sunt.
573 2042 614 2098 At
632 2042 710 2100 idem
727 2044 903 2118 vituperium
927 2046 959 2102 in
977 2063 1077 2104 omnes
1096 2048 1157 2104 iere
1175 2047 1282 2107 lexico-

288 2132 416 2206 graphos
434 2130 520 2188 eadit
560 2132 741 2206 Quamquam
760 2135 839 2192 enirn
855 2137 985 2194 Zonaras
1004 2153 1028 2195 s.
1047 2136 1139 2214 ιιόρση
1159 2137 1282 2217 eandem

286 2221 410 2280 exhibet
427 2221 570 2297 glossam,
595 2238 683 2294 quam
702 2223 859 2281 scholiasta
877 2227 984 2284 Aesch.
1002 2228 1135 2300 Choeph.
1155 2227 1223 2302 279,
1239 2229 1282 2284 la·

288 2327 355 2372 sere
374 2314 473 2370 umen
493 2327 554 2367 non
576 2311 672 2382 possis
697 2313 768 2380 quin
792 2315 844 2366 aut
872 2315 1003 2370 consulto
1031 2315 1207 2386 interpretes
1231 2319 1283 2372 aut

287 2404 384 2478 ipsum
401 2404 519 2474 poetam
536 2399 699 2468 neglectum
717 2413 806 2470 supra
824 2399 941 2456 modum
960 2418 1025 2458 esse
1045 2397 1205 2460 arbitreris.
1317 2451 1320 2456 .

361 2494 446 2552 Nunc
464 2488 603 2561 Hesychii
628 2487 695 2544 sive'
708 2489 885 2568 Diogeniani
909 2492 939 2546 et
962 2485 1106 2564 Pamphili
1130 2495 1281 2565 praestan-
1313 2529 1336 2564 ,ι

284 2583 432 2647 tissimum
449 2583 559 2642 iontem
576 2578 734 2651 Didymum
752 2580 843 2638 luisse
863 2580 985 2638 scimus:
1010 2599 1044 2639 ac
1068 2577 1280 2658 τραγῳδούμς.
1320 2583 1326 2600 *
1437 2637 1439 2670 ἶ

285 2694 335 2734 ναι
354 2670 461 2747 λέξεις,
487 2673 520 2726 ut
537 2670 698 2726 luculenter
716 2674 854 2748 apparet,
880 2689 898 2728 a
915 2672 1098 2743 Diogeniano
1123 2677 1280 2746 usurpatae

286 2768 363 2822 sunt
401 2764 471 2820 Jam
486 2777 555 2818 vcro
575 2777 663 2834 supra
682 2761 853 2820 scholiastes
872 2762 1022 2837 Sophoclis
1041 2763 1166 2820 triumve
1178 2763 1280 2834 Tragi-

285 2871 385 2912 corum
408 2855 522 2910 tantum
552 2853 773 2910 commentarios
801 2853 922 2926 Didymi
951 2869 1108 2928 usurpasse
1133 2855 1279 2912 conmud’u

285 2947 389 3002 Nonne
409 2947 508 3002 tamen
526 2944 682 3016 explicatio
701 2945 782 3002 vocis
801 2941 913 3020 αἰθέρα
932 2938 1053 3025 (lhead.
1067 2943 1157 3024 1057)
1177 2949 1278 3019 aperte

244 3025 249 3034 ’
285 3027 583 3110 αΤραγῳδοαμένωι
608 3030 714 3103 λέξεων
744 3050 833 3104 opere
864 3037 959 3090 sumtu
983 3029 1050 3090 esti
1079 3049 1176 3091 nonne
1202 3051 1277 3107 quae

268 3122 448 3194 *Hesychius
467 3121 567 3199 affert,
588 3123 677 3180 etiam
694 3122 726 3177 in
745 3120 862 3178 scholiis
881 3121 988 3180 nostris
1009 3109 1112 3178 saltem
1136 3127 1276 3197 exparte

283 3208 466 3289 reperimusl
503 3207 614 3272 Nonne⁰
627 3228 696 3284 ergo
715 3216 869 3287 utrumque
889 3212 1069 3283 grammatici
1094 3226 1168 3287 opus
1187 3215 1277 3272 selre-

180 3321 182 3326 ’
282 3303 384 3364 liastas
404 3305 590 3378 usurpavisse
609 3305 700 3360 multo
720 3306 766 3362 est
790 3299 997 3360 verisimiliust
1035 3304 1111 3364 Sane
1136 3306 1276 3364 concede·

282 3412 346 3454 rem
363 3396 421 3452 nisi
445 3393 658 3451 commentariis
676 3393 795 3462 Didymi
820 3408 920 3450 omnes
944 3392 1032 3450 lexici
1056 3395 1118 3452 sive
1143 3397 1276 3467 glossarii

283 3487 362 3564 vices
382 3483 547 3557 explevisse
566 3497 737 3554 persuasum
754 3482 907 3540 haberem.
945 3483 989 3540 Ac
1013 3486 1119 3562 mulia,
1146 3501 1220 3560 quae
1244 3487 1276 3544 in

286 3576 381 3656 Tpuy.
399 3570 506 3644 λέξεων
523 3587 611 3646 opere
631 3569 812 3647 exstiterint,
828 3572 891 3643 jam
908 3574 941 3630 in
959 3576 1172 3636 commentariis
1198 3577 1276 3634 dieta

282 3668 484 3741 explicataque
513 3679 578 3722 esse
607 3661 772 3722 etiemmme
799 3663 895 3722 nullus
924 3665 1034 3724 dubito.
1082 3666 1147 3730 Quo
1175 3668 1275 3730 tamen

282 3759 414 3826 prolecto
440 3755 514 3814 nihil
541 3753 621 3812 aliud
649 3753 847 3815 demonstrare
876 3772 980 3832 conor,
1011 3753 1069 3817 nisi
1097 3754 1272 3840 scholinstis,
1311 3755 1314 3764 “

284 3849 424 3920 quantum
451 3847 586 3919 colligere
614 3862 734 3921 possum
762 3849 874 3916 tuntum
902 3848 1025 3906 alterum
1052 3843 1170 3916 Didymi
1197 3862 1273 3920 opus
