2790 4712
651 417 858 488 ...ω-ζ

339 603 412 671 Quis
427 584 696 683 Prlm'plmttes
712 599 762 658 ille
786 597 889 674 tuerit,
914 595 965 670 qui
984 611 1003 652 a
1022 593 1187 653 Scholiasta
1219 597 1293 654 So-

263 699 357 777 phocl.
379 701 450 758 Oed.
472 701 533 758 Col.
552 717 580 756 v.
600 701 657 756 9011
674 697 825 769 laudatur,
850 691 930 748 haud
947 691 990 746 ita
1008 688 1092 745 facile
1110 689 1285 747 ostendas

216 785 225 861 ,’
264 795 394 867 Apparet
413 791 501 867 enim,
521 791 547 848 si
566 790 637 847 fides
656 794 788 847 veterum
806 781 980 842 testimoniis
999 783 1056 856 est,
1076 779 1149 836 duos
1170 781 1283 838 luisse

264 901 396 971 eiusdem
404 898 531 956 nominis
544 897 763 972 Peripateticos,
777 907 901 968 qnorum
911 888 985 946 alter
1003 868 1282 967 Mitylenaei&

264 993 367 1067 tuerit,
393 987 553 1060 discipulus
572 987 740 1044 Aristotelis
759 990 790 1043 et
807 985 927 1058 Epicuri
950 985 1118 1060 philosophi
1141 1001 1278 1060 praece·

264 1101 346 1179 plor,
369 1099 444 1154 alter
462 1079 630 1153 Rhodius
656 1093 851 1168 Theophrasti
879 1091 1064 1166 peripatetici
1092 1090 1273 1166 discipulus.

263 1191 386 1251 Videtur
404 1192 598 1264 Mitylenaeus
622 1190 671 1248 ille
696 1190 821 1262 primurn
839 1184 1055 1267 Γραμματικοῦ
1072 1201 1181 1243 nornen
1206 1187 1272 1242 sihi

263 1285 437 1341 vindicasse.
469 1283 535 1340 Una
554 1297 620 1338 cunr
638 1280 812 1355 Aristotele,
832 1296 850 1336 a
869 1293 926 1351 qno
946 1281 977 1334 et
995 1275 1096 1334 critica
1114 1280 1145 1333 et
1165 1293 1268 1347 gram·

264 1373 370 1430 metica
390 1389 438 1428 ars
456 1373 573 1428 initium
591 1375 741 1446 ceperunt,
761 1369 878 1442 saepius
889 1369 1075 1444 memoratur,
1094 1370 1127 1423 ut
1138 1385 1160 1424 a
1174 1367 1270 1424 Scho-

225 1515 233 1532 ,
263 1464 350 1519 liasta
368 1462 503 1532 Dionysii
520 1461 642 1518 Thracis
668 1463 698 1516 et
721 1461 853 1531 Diogene
872 1449 990 1516 Laertio
1004 1451 1075 1538 ¹⁴¹).
1094 1489 1133 1502 -
1153 1459 1271 1516 Contra

265 1553 389 1609 alterum
408 1565 523 1624 quoque
548 1550 754 1622 philosophum
778 1551 869 1606 tuisse
895 1549 1113 1620 grammaticum
1137 1552 1270 1606 testatur

264 1643 397 1700 Procius:
416 1637 464 1698 ὅτι
483 1634 517 1697 δὲ
535 1636 570 1696 τὸ
588 1642 749 1718 προοίμιον
767 1653 842 1709 τινες
860 1633 1040 1718 διέγραψαν,
1060 1637 1160 1716 ὥσπερ
1171 1635 1271 1696 ἄλλοι

263 1749 296 1790 τε
314 1734 365 1790 aul
378 1730 577 1809 Ἀρίσταρχος
595 1726 736 1806 ὁβελίζων
760 1724 829 1800 τους
854 1733 971 1806 στίχους
995 1731 1047 1786 τοὶ
1063 1725 1270 1808 Πραξιφάνης

264 1820 282 1880 ὅ
301 1821 355 1880 τοῦ
374 1817 574 1900 Θεοφράστου
592 1819 748 1895 μαθητής,
767 1814 843 1895 μηδὲ
861 1821 950 1878 τοῦτο
969 1817 1123 1895 ἀγνοῶμεν
1135 1817 1209 1900 ¹⁰).
1226 1851 1269 1864 -

263 1913 358 1972 Procli
375 1912 506 1970 narratio
531 1927 569 1968 ex
594 1920 702 1968 earum·
718 1925 839 1968 numero
864 1913 925 1985 est,
954 1923 1030 1983 quae
1053 1909 1176 1970 relaturi
1204 1927 1268 1968 non

264 2006 381 2076 queant.
429 1999 623 2075 Theophrasti
658 2005 756 2062 autem
790 2001 948 2074 discipulus
981 2015 1042 2056 non
1069 2003 1169 2074 potest
1197 2017 1267 2058 esse

264 2093 384 2167 Epicuri
414 2093 553 2162 magister
563 2107 649 2165 quem
679 2095 711 2147 et
740 2091 838 2164 ipsum
871 2089 1066 2162 Theophrasti
1099 2091 1267 2148 auditorem

264 2183 355 2240 tuisse
380 2199 397 2237 e
422 2182 541 2238 Laertio
567 2181 681 2238 scimus.
728 2181 824 2248 Quare
850 2195 940 2253 quum
965 2178 1038 2238 duos
1068 2179 1160 2238 fnisse
1184 2183 1265 2253 eius-

265 2273 334 2331 dem
366 2271 492 2328 nominis
527 2270 736 2343 Peripateticos
770 2274 897 2343 nequeat
930 2271 1047 2347 negari,
1081 2272 1185 2343 majori
1219 2273 1263 2331 illi

265 2377 372 2418 nomen
390 2360 568 2433 gloriamque
593 2360 681 2432 primi
699 2361 888 2420 Grammatici
912 2377 972 2417 non
997 2360 1162 2426 detraham:
1186 2366 1262 2422 atta·

266 2467 333 2524 men
357 2449 505 2521 juniorem
532 2449 634 2508 Proelc
663 2452 756 2508 fateor
785 2448 858 2507 duce
887 2451 1037 2525 Sophoclis
1070 2453 1261 2527 interpretem

260 2543 355 2602 'tuisse
375 2540 527 2598 contendo.
566 2542 674 2599 Verum
692 2539 808 2614 qualem
825 2541 1025 2614 Praxiphanes
1049 2542 1262 2616 interpretandi

264 2634 408 2690 rationem
427 2633 607 2709 exhibuerit,
638 2650 676 2689 ex
699 2647 758 2688 uno
783 2632 833 2690 illo
858 2631 968 2690 scholio
987 2632 1143 2706 suspiceris
1167 2635 1260 2708 magis

265 2738 353 2798 quam
372 2723 479 2780 certius
505 2724 623 2795 colligas
636 2719 707 2802 ¹⁴⁸).
727 2753 765 2766 -
789 2723 891 2797 Neque
917 2725 1015 2778 tamen
1039 2739 1106 2780 eum
1130 2724 1259 2782 criticam

265 2897 318 2948 otr.
335 2895 418 2958 Dlog
434 2897 465 2952 Ι.
483 2895 529 2951 lV
546 2895 578 2945 41
596 2909 638 2958 sq.
655 2895 696 2944 88.
720 2896 829 2959 Menag,
853 2897 887 2945 ad
904 2897 938 2946 D.
955 2897 1044 2962 1ι.1.,
1067 2897 1108 2946 26.
1140 2897 1255 2950 Jouslus
1286 2903 1290 2906 '

265 2977 327 3026 scr.
345 2975 380 3024 ιι.
398 2976 446 3024 rr.
462 2975 496 3024 ιι.
498 2957 628 3041 ,aaa
646 2974 754 3024 154.-
777 2973 848 3026 οιιιι.
871 2977 922 3044 rc,
946 2978 1003 3027 roc.
1019 2980 1052 3029 ιι.
1070 2978 1133 3030 vro.
1156 2981 1255 3088 erus-

264 3056 376 3108 nohium
394 3054 473 3106 (tent
489 3055 522 3105 11.
542 3054 675 3106 Proverh.
692 3057 734 3104 88.

330 3136 392 3204 141)
409 3139 451 3190 De
467 3136 650 3203 Praxlplrane,
667 3135 827 3188 Aristotelis
844 3137 980 3202 olscipnlo
998 3083 1052 3192 ιυ1ι1.
1069 3141 1206 3195 Laertiurrr
1221 3144 1254 3197 Χ

264 3225 308 3292 rs,
325 3227 370 3290 qul
387 3225 454 3278 cltat
470 3224 667 3288 Apollodorum
685 3211 715 3274 ἐν
727 3219 789 3289 τοῖς
799 3222 952 3297 χρονικοῖς.
974 3229 1106 3282 clement
1124 3232 1253 3284 Alexand.

264 3309 395 3361 stromat.
420 3307 441 3359 1.
467 3319 491 3372 p.
518 3307 576 3358 808.
601 3309 695 3360 llelus.
720 3311 862 3363 flchollast
889 3313 1006 3375 Dionys.
1032 3311 1095 3368 l'lrr.
1120 3313 1148 3363 lu
1173 3311 1253 3374 Beth,
1341 3311 1348 3318 '

265 3390 365 3445 Auecd.
383 3403 408 3451 p,
425 3389 485 3440 888.
502 3387 559 3446 cfr.
576 3389 656 3455 Diog.
673 3393 703 3450 Ιι,
721 3393 781 3460 lll.‚
804 3393 820 3444 8
839 3395 867 3445 et
882 3393 938 3463 V.,
954 3395 997 3445 88.
1031 3394 1165 3447 Fortasse
1185 3395 1252 3448 llerrr

261 3474 319 3534 est,
335 3469 382 3533 qul
398 3483 415 3520 a
430 3468 594 3522 Marcellino
618 3471 677 3522 vit.
703 3475 853 3539 mucrore.
870 3488 931 3538 cap.
957 3477 999 3527 88.
1020 3477 1104 3540 Popp.
1126 3473 1252 3530 laudatur

264 3543 295 3608 ἓν
313 3549 357 3609 τῶ
375 3551 443 3630 περὶ
462 3547 604 3628 ἱστορίας.
624 3582 662 3595 -
681 3557 811 3614 Valesius
827 3564 861 3615 de
879 3563 983 3616 critica
999 3563 1018 3618 1.
1038 3577 1063 3616 c.
1080 3565 1097 3614 2
1112 3578 1140 3630 p.
1156 3562 1210 3622 148,

331 3641 394 3704 ur)
411 3641 505 3693 Procli
520 3642 650 3708 Prolegg.
668 3643 702 3693 ad
718 3645 831 3697 Heslodl
849 3646 918 3711 0pp.
935 3651 964 3698 et
979 3648 1011 3705 1)
1028 3661 1055 3710 p.
1073 3647 1098 3698 8.
1116 3648 1158 3698 ed.
1170 3645 1250 3698 (laiss.

263 3725 362 3778 Strato
379 3724 454 3778 xlv.
471 3739 500 3788 p.
518 3725 576 3776 888.

330 3811 693 3875 reminisceremur
726 3801 964 3866 Σπουδειυύιτό
995 3803 1135 3918 ῥυτῆρος]
1166 3806 1250 3870 ’Asci

262 3910 315 3954 του
301 3891 470 3970 βλαύτης.
498 3895 568 3954 Τῶν
592 3893 626 3956 δὲ
644 3892 905 3974 ἒξηγησαμέυυιυ“
887 3899 1027 3960 απάντωτ
1044 3899 1118 3960 crire
1108 3897 1248 3979 Προξν
