2908 4712
641 391 689 424 .-
724 359 786 426 roo
815 393 857 404 -
961 335 966 346 '
1062 329 1094 462 J

273 515 385 600 tinent,
405 519 559 580 admodum
570 522 657 596 pauci
667 519 916 594 Agamemnonem
927 525 958 580 ot
970 519 1170 598 thephoros.
1187 493 1273 586 Unde

279 629 368 690 quam
386 616 498 671 mature
517 612 650 682 trilogiae
674 614 767 669 forma
792 614 895 670 saltem
914 629 932 670 a
950 613 1115 672 scholiastis
1138 617 1271 688 neglecta

191 734 195 744 ·
279 705 334 780 sit,
358 703 494 760 facillime
519 702 646 779 colligas
675 734 713 746 -
742 703 878 760 Omnium
904 704 993 774 igitur
1021 704 1185 762 fabularum
1211 723 1270 764 uua

276 794 465 852 Prometheus
494 793 524 848 et
552 793 723 866 saepissimo
754 793 900 867 descripta
926 797 958 850 et
982 790 1115 868 plurimis
1151 797 1270 870 scholiis

276 887 379 942 ornata
407 885 468 959 est,
496 884 530 938 ut
555 899 571 939 e
598 882 752 940 codicibus
781 883 927 941 discimus.
970 885 1111 942 Fabulam
1134 887 1268 960 proxime

253 1033 262 1060 u
277 976 436 1048 sequuntur
464 973 582 1046 Septem
609 972 749 1029 adversus
777 971 894 1030 Thebas
924 975 954 1030 et
982 975 1104 1032 Persae·
1131 979 1266 1051 utraque,

160 1117 164 1128 ,
276 1065 381 1138 quibus
400 1065 447 1120 Pr.
467 1066 563 1139 earet,
590 1061 708 1120 scholiis
733 1064 862 1120 metricis
887 1064 1021 1138 praedita
1040 1067 1093 1122 est
1131 1065 1267 1140 Sequitur

275 1153 407 1229 Orestia,
438 1153 566 1209 infimum
595 1153 691 1209 locum
715 1153 865 1226 Supplices
890 1157 988 1211 tenet
1018 1154 1151 1212 Eundem
1173 1158 1266 1213 ferme

274 1243 423 1320 ordinem,
448 1258 486 1298 ex
511 1257 568 1315 quo
587 1244 717 1316 tempore
737 1246 851 1316 septem
868 1243 1006 1316 Aeschyli
1030 1246 1144 1304 fabulae
1165 1261 1268 1320 super-

161 1405 168 1414 ,
273 1333 396 1410 tuerint,
417 1332 553 1390 continuo
573 1335 719 1388 seruatum
738 1349 803 1390 esse
823 1333 933 1390 diserta
951 1333 1070 1390 tradunt
1088 1335 1284 1411 testimonis,

272 1425 312 1478 ut
324 1423 394 1494 Arg.
418 1423 487 1479 Eur.
513 1421 679 1480 Phoenissa
710 1417 923 1500 ἐπιγέγραπται
951 1419 985 1482 δὲ
1005 1423 1076 1485 ἀπό
1094 1427 1148 1485 τοῦ
1172 1423 1268 1504 χοροῦ

176 1539 179 1548 ¹
264 1506 433 1590 Εὐριπίδου
460 1507 621 1570 Φοίνισσαι
649 1507 724 1589 πρὸς
755 1507 981 1588 ἀντιδιαστολην
1008 1513 1069 1574 τῶν
1095 1513 1187 1576 Ἑπτὰ
1215 1511 1266 1574 ἐπι

272 1597 392 1678 Θήβας.
412 1600 503 1678 raian
521 1597 579 1680 γὰρ
599 1621 633 1676 τῃ
621 1600 801 1661 ὑποθέσει
818 1602 949 1672 κάκεῖνος
963 1605 1072 1680 χρῆται
1089 1600 1121 1662 ἒν
1138 1623 1181 1679 τῳ
1170 1599 1263 1660 δεο-

157 1761 161 1769 ·
271 1693 425 1774 τέρῳαιι
416 1691 510 1748 Sohol
530 1691 599 1748 Eur.
613 1691 708 1748 Orest.
728 1692 799 1749 21οι
818 1691 953 1762 Helorus
972 1695 1109 1768 σημαίνει
1128 1687 1192 1763 δύο,
1210 1689 1264 1751 τὸν

270 1778 410 1839 σιελσι
387 1800 429 1852 ως
447 1775 594 1851 ἐνταῦθα,
614 1782 664 1838 και
682 1775 761 1852 εἶδος
778 1779 956 1856 θύματος
938 1801 1004 1855 uros
1022 1777 1264 1842 revolumina

269 1868 312 1941 ὥς
330 1867 483 1948 Λῑσχύλος
501 1865 532 1928 ἒν
550 1874 640 1948 τρίτῳ
660 1875 765 1948 paoli:
784 1873 862 1946 quod
881 1876 982 1947 aperte
1000 1873 1121 1947 respicit
1138 1873 1178 1931 ad
1194 1874 1290 1930 Per-

270 1973 367 2018 sarum
385 1978 413 2017 v
432 1961 503 2037 519,
533 1961 584 2016 ubi
608 1962 667 2018 vid.
688 1963 844 2020 schol-
867 1965 929 2021 Nec
944 1962 1068 2020 meliora
1096 1964 1262 2020 testimonia

268 2052 415 2124 requirere
436 2049 583 2106 debemus.
610 2051 676 2117 Quo
694 2053 814 2109 tandem
831 2052 933 2110 ordine
953 2056 1021 2110 ante
1039 2053 1196 2125 Didymum
1215 2053 1262 2118 vel

185 2141 189 2152 ⁴
268 2140 340 2198 ab
330 2157 395 2214 ipso
414 2139 540 2212 Didymo
564 2139 726 2199 illustratae
750 2142 865 2200 tabulae
890 2144 999 2200 merint
1021 2145 1108 2218 plane
1132 2143 1266 2201 nescitur

266 2231 325 2287 nisi
344 2231 382 2288 ad
400 2231 465 2288 illos
489 2245 641 2308 numeros,
666 2247 740 2305 quos
764 2233 817 2288 ubi
841 2233 877 2288 de
895 2233 1091 2305 Aristophane
1111 2235 1260 2292 Gramma·

266 2319 326 2376 tioo
353 2320 489 2394 loquutus
519 2337 598 2398 sum,
627 2321 784 2378 memoravi
812 2321 957 2392 respicere
986 2322 1117 2376 velimus.
1162 2321 1259 2378 Etiam

161 2395 163 2398 ¹
266 2409 463 2466 vetustissima
496 2411 657 2468 sabulamm
684 2409 832 2486 exempla,
866 2410 1032 2466 Atticum
1023 2425 1142 2482 mquam
1170 2413 1258 2482 atque

160 2534 163 2542 ι
265 2499 509 2579 Alexandrinum,
529 2503 652 2558 fortusse
672 2501 762 2557 etiam
780 2499 989 2572 Pergamenum
1008 2515 1108 2557 earum
1126 2499 1295 2558 ordinem

206 2591 210 2598 ’
266 2592 392 2647 eundem
410 2592 597 2649 exhibebant.
635 2592 676 2648 At
694 2591 766 2666 quid
783 2591 888 2665 loquor
913 2591 949 2648 de
969 2593 1049 2648 certo
1068 2607 1102 2647 eo
1121 2590 1259 2648 distincto

265 2681 311 2736 tot
329 2681 490 2738 fabulamini
509 2681 626 2757 ordine,
652 2684 758 2755 quast
745 2681 869 2738 totidem
886 2681 992 2739 libellis
1013 2681 1173 2754 descriptas
1193 2696 1257 2738 esse

263 2771 451 2828 verisimilius
471 2767 536 2827 esti
566 2786 689 2844 quarum
712 2788 771 2828 uno
790 2771 935 2829 volumine
955 2774 1027 2845 quot
1046 2771 1163 2828 demum
1181 2785 1258 2828 com

263 2861 425 2930 prehensae
444 2860 551 2916 riserint
570 2857 794 2920 nescimusi-
813 2863 924 2928 Quodsi
943 2862 1054 2920 scholia
1073 2878 1159 2934 quam
1178 2863 1257 2918 inae-

263 2945 391 3017 quabilia
410 2947 469 3000 sint
488 2948 754 3022 animadvertimus,
774 2951 957 3020 potissimum
969 2951 1073 3006 malam
1087 2950 1256 3004 scholiasta-

256 3049 327 3088 Ῑιιιιιι
345 3030 518 3087 iudustriam
537 3032 675 3085 dehemus
694 3038 813 3105 notare,
839 3047 994 3102 curamque
1018 3037 1112 3104 primo
1138 3051 1255 3095 accura-

261 3125 331 3196 tum,
351 3124 413 3176 tum
430 3120 530 3176 nescio
549 3135 606 3193 quo
625 3135 704 3176 casu·
713 3120 858 3192 extemplo
877 3119 1036 3202 remissam.
1049 3125 1165 3181 u-Jam
1183 3143 1255 3185 vero

258 3210 366 3268 eodem
383 3213 514 3285 tempore
540 3227 598 3285 quo
617 3211 746 3285 reliquae
765 3210 939 3268 scholiorum
958 3195 1142 3272 collectiones
1160 3217 1254 3276 hetae

257 3305 345 3376 suut,
384 3303 473 3360 etiam
508 3302 541 3358 in
577 3302 753 3372 Aeschylum
791 3303 961 3359 scholiastes
999 3303 1150 3375 collegisse
1191 3308 1253 3366 sive

260 3391 360 3464 potius
392 3375 611 3463 transcripsisse
643 3392 864 3450 commentarios
898 3409 952 3466 per
987 3411 1018 3450 se
1056 3398 1145 3468 patet.
1201 3398 1292 3455 Nl·

255 3477 416 3536 hilominus
456 3479 565 3538 scholia
605 3482 784 3558 Aeschyleo,
830 3482 933 3558 quod
943 3484 1075 3542 veterum
1109 3487 1252 3560 interpre-

258 3569 323 3624 tum
349 3569 526 3628 mentionem
555 3587 615 3630 ιιοιι
644 3573 768 3649 iaciunt,
801 3590 837 3630 eo
868 3575 993 3631 mamme
1022 3592 1042 3632 a
1070 3577 1192 3650 rdlquis
1219 3577 1252 3636 iu

256 3657 387 3733 reliquos
404 3661 543 3731 Tragicos
561 3663 707 3740 differunt
745 3614 827 3730 Quae
846 3665 965 3738 quidem
987 3667 1106 3724 nomina
1130 3684 1193 3724 euve
1216 3668 1251 3726 h

259 3746 349 3804 hrarii
367 3765 403 3806 ea
422 3751 486 3807 sive
504 3735 678 3810 scholiastae
702 3755 896 3830 sustulerunt,
923 3771 941 3812 a
960 3771 1060 3829 prmus
1085 3755 1250 3816 scholiastis

213 3836 367 3894 omissa
385 3855 445 3896 non
463 3843 553 3900 luisse
571 3845 761 3904 vehementer
778 3845 932 3902 contendo.
970 3845 1049 3911 Quid
1068 3844 1153 3916 iuvat
1177 3861 1248 3906 euu·
