2908 4712
695 415 737 430 ..
776 381 823 452 0
863 417 905 432 ...
1254 467 1259 474 Ι

215 609 217 614 ,
305 544 389 622 kint,
406 542 460 618 qul
478 539 644 602 Fabricium
662 547 764 604 conum
782 543 1001 608 Gnoddeokium
1017 547 1166 628 defendit,
1185 559 1330 618 uttam

303 623 528 694 tentiamsuam
552 632 779 696 dc'Aristotelis
798 637 1019 698 didasmhisnb
1043 641 1124 700 omni
1147 650 1239 720 porte
1263 649 1328 708 do.

303 725 452 801 tenderet,
484 723 691 783 Callimachum
718 726 810 801 copiis
838 728 1005 788 Aristotelis
1037 745 1124 790 usum
1156 752 1247 813 esse,
1285 746 1323 798 at

303 816 400 890 ipsum
424 830 498 888 opus
523 814 730 876 ffidasealicum
753 833 814 876 non
832 818 984 892 scripsisse
1003 823 1154 882 contendit
1174 820 1259 906 (l.l.
1282 847 1317 904 p.

293 955 303 982 Ι,
327 899 429 987 LXI).
461 903 519 962 Sed
539 905 746 984 Callimachus,
765 911 799 964 nt
817 907 975 966 scholiasta
992 911 1088 974 Plauti
1106 917 1216 993 refert,
1246 920 1317 978 siu-

301 998 377 1070 gulis
396 995 590 1056 voluminibus
609 996 709 1054 titulos
727 999 885 1072 inscripsit.
924 999 1010 1066 Quod
1025 1003 1138 1062 nonita
1156 1005 1314 1086 intelligo,

301 1091 336 1146 ιιι
353 1087 572 1158 grammaticum
590 1085 769 1158 singulorum
780 1105 908 1164 ,operum
924 1091 1044 1150 nomina
1056 1097 1314 1172 suprascripsisse

301 1177 495 1244 voluminibus
513 1177 707 1236 bibliothecae
725 1179 941 1254 Alexandrinae
958 1181 1109 1242 arbitrer..
1130 1185 1210 1244 Illud
1223 1190 1313 1251 enim

301 1269 339 1328 ab
369 1269 442 1342 ipsis
470 1267 637 1326 auctoribus
665 1270 774 1328 tactum
802 1287 867 1328 esse
891 1285 952 1326 non
975 1275 1021 1328 est
1045 1274 1124 1348 quod
1146 1291 1310 1339 moneam:

300 1374 396 1432 neque
421 1358 564 1429 eiusmodi
587 1359 736 1430 negotium
760 1363 821 1418 tam
844 1359 949 1418 illustri
967 1362 1030 1420 viro
1048 1365 1144 1438 potuit
1168 1357 1311 1441 unquam

302 1446 444 1523 mandari.
487 1449 529 1506 At
553 1447 589 1503 de
618 1448 740 1508 historia
767 1451 886 1508 libraria
915 1451 1082 1512 Callimachi
1112 1457 1310 1528 cogitandum

301 1555 367 1596 esse
396 1552 463 1594 eum
489 1535 649 1594 Ritschelio
665 1532 727 1619 ¹⁶⁰)
757 1557 878 1618 cense03
899 1557 984 1617 vquae
1012 1543 1051 1600 ad
1077 1561 1166 1602 ιιιιιιιιι
1195 1565 1309 1612 omnes

300 1627 498 1690 bibliothecae
516 1625 731 1684 Alexandrinae
749 1629 839 1688 libros
858 1631 1008 1706 complexa
1026 1634 1080 1711 sit,
1099 1636 1142 1694 ita
1156 1640 1189 1694 ιι
1200 1653 1308 1708 gram-

296 1718 423 1788 maticus
448 1715 626 1786 singidonum
649 1707 789 1780 librorum
812 1721 945 1798 nomina,
970 1726 1131 1808 aucmrcs,
1144 1731 1305 1792 anctorum

297 1809 443 1883 ,aetatem,
462 1805 548 1863 unius
568 1807 707 1880 cujusque
727 1808 852 1884 denique
871 1812 1052 1890 scriptionis,
1073 1817 1215 1888 quantum
1234 1822 1303 1882 lieri

200 1969 203 1976 Ι
243 1897 247 1906 ’
281 1910 285 1920 ’
296 1902 415 1974 posset,
441 1899 556 1971 tempus
581 1897 753 1957 brevissime
777 1901 971 1960 adumbraret.
1008 1904 1102 1976 Igitur
1120 1906 1302 1976 admodum

297 1986 430 2046 πινάκων
441 1980 644 2046 παντοδαπῶν
656 1990 897 2068 συγγραμμάτων
910 1989 972 2072 ¹⁸¹)
984 1995 1032 2051 vel
1043 1995 1140 2069 potius
1154 2001 1300 2073 tanquam

296 2077 469 2152 particulam
496 2075 616 2132 maximi
650 2079 726 2136 illius
758 2081 857 2153 operis
891 2084 1054 2158 coniecerit.
1104 2087 1297 2162 Tragicorum

294 2183 412 2242 quoque
430 2165 543 2223 rabulas
562 2167 604 2223 ite
623 2169 852 2246 consignaverit,
877 2176 910 2228 ιιι
932 2175 1046 2248 tempus
1065 2179 1146 2248 actae
1165 2175 1296 2262 fabulae,

295 2261 400 2332 poetas
424 2257 641 2331 concertantes,
670 2258 838 2336 victoriam,
867 2264 897 2318 et
921 2277 1000 2338 quae
1024 2265 1148 2326 adrem
1173 2273 1295 2332 omnino

294 2346 460 2420 pertinent,
480 2360 516 2401 ee
535 2347 667 2402 enotaret
685 2349 791 2409 omnia.
810 2381 849 2394 -
867 2352 1004 2412 Fortasse
1020 2355 1181 2418 Alexandri
1192 2363 1294 2424 Aetoli

296 2435 466 2493 collectione
490 2450 561 2492 usus
586 2434 647 2494 est:
671 2437 759 2512 immo
784 2440 870 2498 aliam
899 2442 927 2498 ei
954 2448 1072 2517 praesto
1090 2449 1182 2507 luisse
1204 2437 1293 2526 nego.

177 2595 181 2607 ι
294 2525 379 2586 Unde
407 2541 493 2601 vero,
515 2541 648 2604 quaese,
677 2529 852 2590 didascalica
882 2529 1032 2590 hauseritl
1077 2539 1180 2614 Neque
1212 2546 1293 2606 enim

293 2617 419 2678 Athenis
438 2633 506 2674 eum
518 2621 725 2678 commoratum
744 2637 810 2678 esse
828 2637 924 2696 neque
935 2623 1103 2684 Aristotelis
1116 2629 1292 2698 didascalicis

292 2707 500 2768 Alexandriam
511 2709 681 2782 pervenisse
694 2711 764 2768 scio.
802 2709 997 2800 Nihilominus
1012 2715 1291 2800 didascalicae-spera

288 2799 324 2858 in
347 2797 613 2871 Alexandrinorum
635 2815 721 2857 usum
743 2801 913 2874 pervenisse
932 2808 1143 2878 quammaxime
1162 2819 1289 2887 oportet.

293 2889 432 2946 erremus
451 2889 584 2963 omnino,
604 2890 682 2962 quod
699 2890 729 2948 h.
748 2890 768 2946 l.
787 2892 859 2949 mihi
878 2893 976 2954 dolere
994 2896 1095 2975 hceat,
1116 2916 1190 2974 quae
1209 2923 1288 2968 com.

291 2976 432 3035 mercium
456 2977 534 3033 inter
558 2978 693 3051 antiquos
719 2979 848 3038 Graecos
871 2982 1033 3043 literarium
1060 2989 1161 3052 saltem
1190 2995 1289 3072 aliqua

291 3080 330 3122 ex
353 3067 438 3141 parte
463 3065 666 3145 descripserit,
695 3071 830 3126 accurata
854 3076 1110 3140 commentatione..
1141 3083 1286 3158 Equidem

289 3171 354 3214 rem
377 3156 518 3213 intactam
541 3157 706 3238 relinquere
731 3174 834 3236 cogor,
858 3163 988 3240 nihilque
1012 3185 1132 3242 possmn
1159 3178 1285 3252 emplius

290 3247 433 3304 affirmare
457 3247 516 3306 nisi
540 3251 574 3320 nt
592 3247 812 3311 Aristotelicum
839 3269 913 3327 opus
941 3273 961 3314 a
985 3259 1160 3323 Callimacho
1183 3271 1283 3333 nescio

355 3470 751 3530 1⁸⁰)-Alexandrln.llltlioth.
769 3490 795 3538 p.
813 3477 859 3526 θοι
878 3479 1092 3544 ,,Ειιιιιιίιιιιειιι
1099 3451 1282 3546 Ζιιιιιιιιιιοιζ

288 3556 362 3619 hang
376 3553 528 3605 ainnohun
550 3553 652 3604 diesem
673 3557 948 3611 bibliothehartsolren
970 3563 1101 3618 uuonan
1123 3571 1172 3624 das
1194 3571 1282 3627 calli.

287 3638 400 3689 machus
416 3639 586 3755 und‘selnen
602 3639 882 3699 dterarhistorlschen
905 3639 1033 3715 Πιναιιες
1055 3645 1126 3703 uiro
1151 3653 1282 3710 lllnsnd

287 3719 467 3774 reruenncul

353 3801 415 3866 ιιι)
433 3806 511 3868 spur
521 3808 619 3858 senen.
634 3807 681 3871 ιν,
698 3807 774 3861 assa
791 3810 866 3865 susc.
884 3815 960 3882 mv,
976 3815 1048 3869 esar.
1081 3777 1281 3874 assumus.

286 3882 321 3936 ad
339 3880 443 3938 (ludiim.
461 3900 486 3951 p,
504 3887 553 3940 ιιι
569 3903 629 3954 sqq.
995 3905 1006 3926 ⁰
