2790 4712
235 639 305 715 crept
323 632 433 714 ἑορτῶν
452 629 637 712 (Harpocrat
656 649 679 690 s.
698 629 785 690 eilde
803 633 834 686 et
849 625 979 708 χότροι).
997 659 1036 671 -·
1053 628 1152 686 Edam
1171 643 1262 686 mo-

235 727 404 786 morabilior
417 727 505 804 h‘ber,
525 724 576 798 qui
587 722 745 796 inscriptus
763 719 833 776 ruite
848 717 1082 797 Ἐπιγράμματα
1098 716 1260 796 Maced,

235 819 313 876 luter
331 834 406 894 quoe
425 817 513 874 etiam
531 812 771 872 didascalicorum
789 813 1039 867 monumentorum
1062 810 1259 883 apographa

234 909 326 966 luisse
349 908 446 966 nullus
471 905 581 963 dubito.
617 901 782 960 Philochori
811 899 890 957 enim
920 897 1099 973 temporibus
1129 913 1255 958 monu-

172 997 176 1004 '
214 993 220 1002 ‘
235 1001 335 1055 menta
352 999 403 1055 illa
421 995 598 1072 superfuisse
616 1009 676 1050 non
693 995 755 1069 est,
779 991 859 1066 qaod
875 1005 1029 1048 moneam..
1057 991 1144 1048 (lene
1161 1006 1253 1048 con-

237 1087 361 1144 suluisse
389 1103 456 1144 eum
484 1085 672 1159 didascalica,
698 1083 817 1156 aliquot
849 1079 984 1154 exempla
1015 1095 1055 1137 ex
1081 1080 1250 1155 Euripidis

237 1177 392 1250 scholiasta
416 1179 511 1235 sumta
535 1177 611 1234 iulra
635 1174 790 1232 docebunt
806 1203 847 1218 -
863 1171 1018 1230 Praeterea
1041 1167 1246 1230 Philochom

236 1261 310 1343 opus
336 1269 476 1345 coniecit,
500 1264 693 1342 Asclepiadeo
716 1263 760 1321 illi
784 1261 974 1324 simillimam
999 1259 1079 1339 Περὶ
1095 1261 1156 1319 τῶν
1174 1260 1247 1320 Σο-

236 1357 380 1435 φοκλέους
397 1358 509 1435 μύθων
527 1355 606 1433 dadi„
625 1358 647 1414 ἑ.
686 1353 772 1422 Quod
791 1353 912 1428 quidem·
933 1367 1007 1427 opus
1031 1352 1069 1408 ab
1087 1351 1244 1426 impro-

235 1447 316 1506 tibus
335 1451 505 1522 usurpatum
522 1447 623 1522 fuisse,
642 1449 720 1502 certe
739 1444 850 1502 scholia
862 1442 1022 1517 Sophoclea
1040 1457 1105 1503 non
1113 1442 1243 1502 demon-

238 1540 340 1594 strant
383 1539 425 1595 At
448 1537 545 1611 illum,
574 1551 660 1609 quem
683 1537 754 1611 aopi
777 1526 945 1610 Εὐριπίδου
970 1531 1087 1606 scripsit
1115 1532 1239 1612 librum,

238 1627 412 1684 scholiastae
437 1625 553 1698 Tragici
578 1624 697 1698 saepius
719 1623 854 1680 laudant:
881 1639 932 1700 ac,
957 1623 984 1680 si
1006 1621 1120 1698 reliqua
1136 1623 1241 1683 Philo-

239 1706 322 1774 chori
342 1715 452 1792 scripta
481 1714 754 1790 animadvertimus,
780 1729 848 1770 eum
871 1713 963 1770 vitem
987 1717 1092 1787 poetae
1116 1715 1160 1771 ita
1183 1715 1238 1772 ds-

239 1807 393 1881 scripsisse
413 1807 524 1882 elucet,
543 1808 576 1862 ut
595 1821 643 1862 res
658 1799 869 1882 χρονιλογικάς
886 1803 1071 1877 potissimum
1084 1806 1235 1864 haehret.

238 1895 313 1954 Item
332 1897 369 1954 de
388 1897 494 1957 rabulis
513 1895 680 1970 Euripideis
699 1897 742 1952 ita
760 1895 937 1972 disputavit,
963 1897 996 1950 ut
1011 1894 1045 1952 'et
1062 1899 1235 1966 argumenta

237 1988 367 2059 mythice
385 1992 416 2046 et
434 1991 566 2045 actorum
584 1987 747 2044 dramatum
764 1989 897 2060 tempora
908 1984 1093 2058 potissimum
1107 1983 1236 2044 illustra·

235 2080 293 2134 ret.
332 2077 379 2134 Ex
404 2072 580 2136 {hilarescis
602 2091 725 2133 numero
752 2076 877 2133 eundem
905 2074 995 2131 luisse
1024 2075 1113 2134 schol.
1132 2078 1234 2154 Eun'p

110 2175 117 2182 ‘
233 2167 327 2242 llipp.
353 2183 381 2225 v.
406 2167 443 2226 72
467 2182 527 2224 non
554 2166 716 2224 luculenter
744 2163 938 2223 demonstrat:
961 2165 1053 2223 immo
1080 2167 1113 2225 in
1138 2167 1236 2228 locum

238 2255 328 2312 istum
346 2256 472 2314 arbitror
491 2272 558 2312 eum
575 2257 731 2329 propterea
750 2258 974 2312 commentatum
992 2272 1074 2334 esse,
1100 2257 1178 2332 qood
1196 2259 1236 2318 de

239 2345 328 2402 rebus
353 2347 443 2402 sacris
470 2345 563 2418 deque
589 2344 709 2401 deorum
734 2345 812 2402 cultu
836 2361 933 2403 sermo
958 2345 1079 2403 deberet
1103 2363 1177 2406 esse.
1195 2377 1238 2398 ι-

239 2433 399 2509 Ιιιιοιὶριὶο1
420 2437 513 2492 fateor
536 2435 631 2512 illius,
656 2435 735 2510 quod
761 2435 797 2492 de
816 2435 958 2512 Sophocle
977 2436 1111 2513 scripsit,
1135 2440 1237 2512 operis

173 2545 177 2558 2
240 2541 308 2582 cum
327 2525 531 2598 chronologiae
548 2526 710 2584 tabularum
729 2527 955 2601 Sophoclearnm
979 2525 1117 2584 habuisse
1144 2528 1237 2587 ratio·

235 2631 318 2694 uem,
337 2633 397 2675 uon
414 2611 541 2676 indicat:
560 2619 691 2676 attamen
714 2618 861 2676 sufficiunt
878 2617 980 2676 scholl.
998 2617 1069 2694 Eur.
1088 2618 1186 2678 (treet.
1206 2638 1235 2680 v.

239 2707 294 2766 361
315 2711 345 2766 et
363 2726 391 2766 v.
412 2710 483 2786 760,
508 2712 542 2767 ut
561 2709 735 2767 didascalice
755 2725 837 2787 eum,
864 2709 890 2766 si
907 2723 968 2764 non
986 2709 1136 2780 collegisse
1154 2714 1236 2768 certe

239 2801 338 2856 tamen
357 2799 536 2856 cousuluisse
556 2814 774 2874 saepenumero,
794 2798 984 2857 confidentius
1002 2799 1147 2872 possimus
1167 2817 1238 2858 eon·

132 2899 135 2908 ’
239 2889 370 2948 tondere.
389 2919 429 2932 -
453 2887 539 2954 Quod
563 2889 621 2944 alia
644 2889 810 2946 Philochori
832 2889 945 2962 scripta
968 2891 1002 2944 ut
1023 2889 1181 2948 Atthidum
1206 2895 1238 2948 et

234 2975 533 3048 ·Olympiadumlib1i
552 2977 690 3051 saepius,
706 2977 732 3031 si
751 2977 869 3049 quidem
888 2977 997 3036 scholia
1017 2991 1120 3050 gaesa
1139 2981 1238 3056 sequi·

241 3082 321 3144 mur,
340 3065 378 3122 ab
396 3066 605 3141 interpretibus
630 3069 842 3142 memorantur,
867 3067 940 3125 illud
958 3071 1087 3144 protecto
1112 3071 1236 3130 muer-lc.

241 3156 421 3223 Quibuscum
440 3157 465 3216 si
484 3151 651 3234 comparare
670 3155 735 3232 ipsa
755 3153 791 3213 de
810 3157 953 3233 Sophocle
972 3163 1003 3218 et
1011 3161 1151 3238 Euripide
1164 3163 1236 3222 seri·
1390 3223 1392 3244 ,

239 3281 439 3298 *d-

242 3399 363 3452 lleslodo
380 3403 549 3450 memoratur
565 3401 752 3468 Asclepiades,
769 3403 932 3463 anteaquam
949 3399 1117 3465 Pherecydis
1129 3400 1235 3452 montio

234 3474 280 3538 dc,
296 3506 331 3518 -
348 3481 402 3531 sed
419 3481 448 3530 et
464 3479 549 3542 ipsius
573 3481 615 3533 rel
641 3490 725 3546 atque
750 3483 907 3547 argumenti
930 3491 1032 3535 natura
1057 3488 1087 3535 et
1111 3483 1236 3537 universi

243 3561 364 3611 condito
383 3561 513 3622 tenporls
529 3563 684 3624 pedestrem
707 3565 859 3616 orationem
882 3577 962 3630 qnam
984 3565 1100 3618 maxime
1123 3563 1236 3631 flagila-

242 3643 315 3693 bant.
333 3641 438 3694 contra
454 3643 478 3693 sl
494 3645 670 3708 Asclepiades
686 3647 852 3711 'l'ragilensis
870 3661 896 3700 e.
914 3662 939 3714 g.
956 3647 1096 3712 myrteam
1121 3647 1237 3702 vixisset

242 3724 421 3792 temporibus,
439 3738 501 3778 eum
519 3727 639 3780 carudna
655 3728 792 3794 pepigisse
803 3731 971 3782 arbitrarer.

307 3807 369 3871 itt)
385 3813 604 3876 ,‚Arguu1entum
620 3823 639 3863 a
653 3809 745 3864 multis
764 3815 821 3867 tun
837 3815 969 3878 temporis
985 3814 1156 3870 tractaturi!²
1171 3811 1236 3863 sic·

241 3889 309 3942 belis
326 3892 354 3941 ln
370 3893 524 3956 Philochort
540 3895 622 3960 trgm.
640 3907 665 3958 p,
683 3895 708 3944 ’1.
