2908 4712
680 357 887 428 ..go-

283 527 377 603 qualis
396 523 494 601 operis
512 521 626 584 indoles
645 521 733 582 merit
750 521 835 582 tacite
853 521 989 594 comum
1007 521 1088 596 quod
1106 521 1299 598 adprimus

283 620 376 689 magis
401 631 488 690 quam
506 615 546 674 ad
564 615 722 674 secundam
746 615 822 672 hanc
845 613 998 688 periodum
1021 614 1171 688 pertinens
1190 615 1296 676 dieas.

283 711 352 768 Alia
370 723 485 782 quoquo
512 705 701 766 Grammatici
726 706 838 778 scriptu
859 721 879 762 a
903 705 1068 762 scholiastis
1093 706 1295 778 ingram

286 801 501 874 memorantur,
520 800 554 854 ut
572 796 612 854 A.
630 791 662 854 ἐν
681 793 726 870 τῷ
744 797 815 874 περὶ
832 794 979 870 ποταμῶν
997 795 1037 852 ad
1054 796 1124 852 Eur.
1144 797 1235 870 iiipqu
1256 815 1291 854 v.

285 891 348 950 121.
370 923 408 934 -
428 892 566 949 Ceterum
583 888 655 946 alibi
674 886 738 957 ejns
755 887 866 944 mentio
885 886 1003 960 saepius
1022 886 1055 942 iit
1069 884 1141 966 ¹⁹⁰).

357 1015 493 1088 Denique
504 1030 520 1069 e
530 1011 689 1086 primorum
698 1011 951 1068 Aristarcheorum
960 1025 1080 1067 numero
1091 1008 1289 1069 exhibeamus

286 1102 515 1200 Dionysium
540 1103 733 1196 Thracem,
754 1119 861 1193 quippe
888 1136 974 1193 quem
993 1135 1012 1175 a
1031 1118 1188 1175 scholiasta
1211 1119 1287 1178 Eur.

288 1219 386 1278 Orest.
395 1237 423 1278 v.
436 1219 487 1276 ult.
502 1217 615 1275 laudari
628 1217 792 1275 arbitreris:
809 1208 894 1294 Πρὸς
905 1207 1038 1290 διάφορα
1049 1211 1217 1290 ἀντίγραφα
1227 1233 1289 1270 πα-

290 1313 497 1390 ραγέγραπται
516 1304 548 1366 ἔκ
566 1299 621 1365 τοῦ
637 1306 788 1365 Διονύσου
809 1300 915 1382 (marg.
935 1322 981 1383 γρ.
1001 1300 1176 1382 Διονυσίου)
1203 1301 1289 1361 ὕπο-

286 1403 442 1475 μνήματος
463 1397 632 1476 ὁλοσχερῶς
642 1399 691 1454 καὶ
709 1396 768 1455 τῶν
785 1395 906 1470 μικτῶν.
927 1391 1013 1460 Quod
1033 1393 1059 1449 si
1077 1393 1118 1449 ita
1136 1391 1287 1471 sehabet,

291 1487 568 1559 habemusprimum
588 1487 843 1563 commentarium,
863 1501 950 1558 quem
969 1483 1006 1540 ab
1026 1483 1099 1556 ipsis
1118 1482 1288 1541 scholiastis

287 1580 458 1650 usurpatum
468 1594 533 1632 esse
547 1577 682 1632 sciamus.
703 1579 811 1634 Verum
825 1577 901 1632 inira
916 1575 1041 1650 demum,
1052 1572 1148 1630 ubido
1158 1573 1288 1630 scholio·

286 1665 547 1739 rumsuperstitnm
556 1665 685 1722 fontibus
695 1665 892 1742 exponam‚de
902 1665 988 1722 istius
998 1664 1101 1722 scholii
1110 1664 1286 1742 auctoritate

285 1757 418 1831 pluribus
445 1757 594 1814 disseram.
620 1788 659 1801 --
685 1757 824 1830 Alioquin
849 1758 1120 1814 commentariorum
1146 1753 1285 1826 Dionysii

285 1847 406 1905 Thracis
431 1849 562 1921 proiecto
587 1847 666 1904 nulla
691 1846 823 1918 vestigia.
867 1847 1000 1920 Namque
1025 1844 1214 1917 Etymologus
1239 1845 1281 1902 Μ.

285 1956 309 1994 s.
328 1936 504 2014 Διονύσιος,
525 1938 575 2011 qui
594 1938 668 1994 haec
687 1937 785 1994 affert:
804 1932 856 1994 τὸν
872 1933 979 1994 ἑαυτοῦ
999 1929 1181 1993 διδάσκαλον
1201 1930 1282 2012 (Arr-

286 2019 451 2106 starehum)
472 2022 668 2105 ζωγραφήσας
688 2022 718 2084 iv
735 2025 779 2103 τῷ
797 2026 905 2099 στήθει
924 2026 1016 2084 αὐτοῦ
1041 2022 1093 2100 τὴν
1111 2019 1282 2104 τραγῳδίαν

284 2111 464 2197 ἔζωνροίφιι,
491 2111 541 2174 διὰ
560 2113 594 2175 ui
621 2114 834 2189 ἀποστηθίζειν
858 2113 949 2176 αὐτὸν
973 2117 1076 2175 πᾶσαν
1093 2112 1146 2189 τὴν
1164 2133 1281 2195 τραγῳ-

285 2201 367 2277 δίαν,
398 2206 434 2262 de
463 2207 626 2263 Aristarchi
654 2207 760 2262 studiis
789 2207 920 2278 Tragicis
948 2224 1003 2265 nos
1032 2207 1172 2288 certiores
1199 2208 1280 2288 iacit,

284 2295 419 2367 Dionysii
438 2295 489 2351 illa
508 2297 594 2352 tacet.
613 2325 652 2340 ·-
835 2317 839 2324 ·

347 2415 519 2514 Satyrus
543 2419 819 2518 Peripatetici&
842 2435 933 2494 vitam
946 2438 1033 2513 soph.
1052 2437 1179 2498 inBtur
1190 2453 1281 2513 opens

287 2531 443 2608 descripsit
456 2528 527 2616 ¹⁹¹).
549 2535 671 2608 Saepius
689 2537 825 2594 laudatur
843 2537 928 2594 Vitae
948 2538 1035 2611 Soph.
1049 2539 1171 2596 Auctori
1183 2539 1278 2596 nnon

284 2623 329 2679 ita
353 2627 386 2679 ut
412 2624 537 2682 eundem
566 2625 655 2684 etiam
684 2627 720 2684 de
750 2631 813 2684 arte
842 2628 1003 2701 Sophoclea
1031 2629 1124 2702 deque
1152 2627 1280 2686 inventis

282 2714 402 2784 Tragici
432 2716 584 2790 scripsisse
613 2718 768 2788 intelligas.
808 2718 957 2792 Quidquid
985 2719 1021 2776 de
1050 2719 1134 2790 nugis
1163 2735 1279 2794 quaes

284 2804 379 2875 Satyri
399 2821 487 2878 opere
507 2824 525 2863 a
544 2808 685 2881 scriptore
705 2809 784 2865 vitae
803 2807 972 2887 afferuntur,
993 2801 1121 2886 cogitas}
1150 2812 1280 2866 adaman

284 2893 320 2947 G.
339 2893 483 2950 Dindorfii
501 2897 590 2954 nimis
609 2897 714 2956 durum
733 2898 770 2955 dc
789 2898 957 2974 biographis
972 2899 1194 2972 judiciumnon
1211 2900 1278 2958 sub·

284 3071 484 3080 —.-———-—-.

348 3200 412 3264 190)
430 3199 494 3255 Viri.
511 3207 591 3272 Diog.
609 3207 641 3258 ir.
658 3207 709 3273 IV,
726 3209 759 3258 22
777 3214 805 3262 et
820 3207 855 3278 11,
873 3209 914 3260 st.
927 3207 1002 3262 sura.
1015 3226 1038 3271 s,
1055 3177 1274 3282 σεμνυνόμενος.
1341 3175 1345 3200 ³
1432 3191 1435 3214 ⁴

282 3284 416 3338 Athenae.
435 3287 488 3356 xl,
500 3289 562 3348 101,
585 3291 675 3343 schol.
693 3293 820 3354 Aponon,
838 3294 968 3360 111ιοι1,1,
986 3294 1042 3352 107,
1059 3299 1143 3350 schol.
1160 3297 1274 3350 Theocr.
1395 3357 1399 3364 „

282 3366 317 3428 V,
335 3368 376 3418 al.
409 3369 544 3423 Fortasse
559 3373 631 3423 idem
653 3376 758 3426 unctor
780 3379 840 3443 est,
865 3388 943 3441 quern
966 3377 1108 3432 mucianus
1129 3382 1273 3432 memorat:

282 3449 452 3513 lymposiac.
470 3453 501 3519 6,
519 3454 567 3506 ὅθι
584 3453 654 3506 idern
672 3457 788 3521 denique
806 3457 851 3522 qui
868 3458 1018 3510 Ptolemaei
1041 3461 1120 3525 primi
1143 3461 1272 3527 epistolar

282 3533 407 3597 collegit:
435 3534 549 3586 bucias.
578 3543 628 3599 pro
656 3540 738 3602 lapsu
761 3540 787 3590 iu
810 3541 964 3593 salutanda.
993 3555 1035 3606 cp,
1062 3546 1106 3596 1⁰.
1134 3569 1170 3583 -
1197 3545 1272 3595 Alius
1331 3547 1334 3550 '

281 3607 452 3672 Διονυσιοδ.
489 3621 636 3698 ilstortens
653 3630 725 3691 apud
741 3629 817 3688 Diod.
835 3631 889 3683 ΙΙο.
906 3631 970 3698 XV,
987 3631 1030 3685 tt.

346 3703 409 3769 1⁰1)
426 3707 467 3757 De
485 3707 587 3771 satyro
606 3711 657 3768 vid,
673 3711 799 3764 donsiuur
817 3717 878 3764 fler.
895 3716 928 3765 11.
944 3715 990 3774 Pi,
1007 3717 1043 3782 11,
1060 3717 1087 3784 1,
1104 3717 1129 3768 d.
1146 3713 1271 3768 Vossius

281 3783 351 3834 nisu
368 3787 416 3838 Gr.
433 3802 461 3851 p.
478 3790 511 3838 5⁰
529 3797 557 3842 et
568 3792 617 3841 410
628 3806 669 3857 sq.
685 3817 720 3830 -··
736 3793 811 3846 Βίαν
827 3795 920 3859 operis
936 3798 1047 3861 saepius
1059 3797 1180 3851 meminit
1190 3799 1271 3850 Atio-

280 3877 368 3920 nuom
386 3868 435 3934 vl,
451 3870 501 3921 tou
517 3874 537 3924 1.
553 3873 614 3935 xil,
630 3874 680 3927 ul
693 3887 718 3927 ο.
729 3877 800 3946 xm,
817 3880 867 3934 181
879 3883 904 3932 a.
915 3880 951 3932 V.
968 3881 1059 3934 schol.
1069 3883 1118 3935 Ac.
1135 3881 1222 3937 lima
1232 3880 1270 3938 11.
