2790 4712
389 1267 541 1384 Caput
579 1271 787 1384 primum.

531 1567 642 1576 ——an-

95 1775 309 1876 lnterpretntio
336 1805 521 1874 Tragicorum
550 1809 725 1862 Graecorum
757 1805 863 1878 triplex
897 1807 957 1860 est:
989 1803 1082 1876 prima

96 1883 250 1957 historicas
268 1916 316 1954 res
336 1903 457 1972 spectat,
477 1901 603 1955 secunda
620 1901 758 1956 virtutem
776 1901 823 1955 vel
841 1899 1083 1972 pulchritudinem

96 1991 258 2048 tabularum
277 2003 364 2045 sensu
383 1993 414 2044 et
432 1989 605 2058 cogitatione
623 1987 839 2062 percipiendam
864 1981 981 2067 (quam,
1012 2005 1084 2061 quo-

95 2081 175 2136 niam
199 2095 257 2136 vox
276 2079 339 2149 jam
364 2080 511 2136 civitatem
534 2082 620 2135 nacta
645 2083 690 2135 est
709 2079 787 2152 apud
810 2081 971 2156 nostrates,
995 2079 1082 2136 liceat

95 2171 168 2228 mihi
186 2171 308 2244 posthac
327 2171 515 2227 acstheticam
534 2163 707 2249 appellare),
727 2169 813 2225 tertia
832 2169 956 2243 denique
969 2170 1081 2226 critico·

96 2261 282 2334 granunatica
311 2263 364 2321 est.
411 2260 575 2317 Historioae
604 2257 836 2334 interpretationi
864 2261 924 2316 sere
953 2261 1082 2334 aequalis
1167 2327 1175 2342 f

95 2353 257 2410 aesthetica
276 2355 337 2428 est3
358 2351 670 2422 critico-grammatica
682 2351 809 2408 omnium
827 2351 927 2408 ultima
945 2352 983 2408 ad
1000 2352 1089 2408 iabin

94 2444 138 2500 las
162 2443 350 2513 ‘l'ragicornm
375 2443 506 2498 accessit
557 2443 611 2500 cni
635 2458 705 2498 vero
729 2441 854 2515 tempori
878 2456 936 2498 ona
954 2443 1081 2499 alterave

95 2533 305 2606 interpretandi
332 2533 407 2588 ratio
434 2549 468 2589 ac
497 2533 627 2590 matrina
654 2549 724 2605 prae
751 2531 870 2605 reliquis
901 2533 1083 2604 potissimum
1163 2589 1166 2596 ,

97 2623 136 2678 sit
148 2622 372 2697 annumeranda,
390 2637 450 2678 non
462 2639 615 2694 possumus
627 2625 721 2680 fateor
739 2623 902 2679 distinctius
921 2622 1081 2679 delineare:
1148 2649 1152 2661 -

96 2729 190 2787 neque
209 2714 283 2770 adeo
302 2713 477 2769 contendere
496 2727 622 2787 unquam
639 2729 808 2788 possumus,
834 2713 908 2769 hana
933 2713 979 2768 vel
1003 2713 1083 2769 illam

97 2806 222 2860 aetatem
246 2803 384 2875 singulari
409 2817 492 2860 usam
517 2821 582 2862 esse
607 2803 854 2876 interpretationis
880 2793 1000 2874 genere:
1030 2803 1081 2859 sed

97 2895 168 2950 satis
188 2893 345 2950 habeamus
364 2894 542 2970 intelligere,
571 2894 649 2950 aliud
666 2899 780 2966 tempus
800 2893 937 2951 historica
955 2893 1081 2963 gaudem

96 2981 350 3060 interpretatione,
370 2983 450 3040 aliud
469 2985 642 3059 aestbetica,
662 2983 741 3040 aliud
760 2983 1078 3064 critico-grammatica.

96 3077 301 3131 Verumtamen
339 3091 377 3130 ne
414 3074 600 3132 interioribus
636 3075 755 3148 quidem
791 3089 922 3130 caremus
957 3075 1079 3150 caussis,
1179 3092 1183 3100 ’

97 3181 168 3242 quas
193 3167 240 3222 vel
263 3169 368 3222 natura
392 3165 437 3222 rei
459 3165 543 3222 nobis
568 3165 661 3222 offert
705 3165 847 3222 Proximis
866 3168 933 3238 post
951 3169 1079 3221 mortuos

96 3261 156 3312 tres
191 3256 356 3327 tragoediae
391 3256 536 3329 principes
564 3255 743 3328 temporibus
773 3255 887 3312 tabulae
919 3269 1018 3312 eorum
1047 3256 1079 3311 in

97 3345 224 3403 omnium
248 3347 308 3400 lere
333 3361 383 3402 ore
408 3345 624 3403 versabantur,
659 3336 757 3402 Attica
781 3336 920 3402 dialectos
945 3345 1087 3420 florebat,

96 3436 209 3494 tabulae
229 3437 434 3508 spectabantur
451 3439 538 3510 atque
556 3435 804 3511 intelligebantur,
833 3435 911 3510 qnod
929 3435 967 3492 ad
984 3436 1078 3508 ipsam

96 3529 223 3598 linguam
250 3525 370 3602 attinet,
400 3516 429 3582 a'
445 3525 559 3600 populo.
607 3525 684 3591 Quid
711 3528 800 3598 igitur
827 3525 906 3585 aliud
929 3526 984 3582 viri
1008 3529 1088 3582 tuno·
1117 3547 1120 3552 ·

96 3617 234 3690 temporis
254 3616 331 3674 docti
350 3615 493 3689 explicare
511 3619 645 3689 poterant
663 3617 695 3674 in
712 3618 816 3675 fabulis
834 3621 1000 3692 poetarum,
1019 3617 1077 3673 nisi
1185 3621 1192 3632 ’

96 3707 232 3765 historica
256 3710 428 3783 tractarent,
452 3706 471 3762 i.
492 3723 517 3763 e.
543 3723 633 3763 annos
659 3707 867 3784 designarent,¹
883 3707 993 3781 quibus*
1010 3707 1077 3764 illae

97 3799 219 3870 primum
244 3803 325 3857 actae
350 3801 447 3856 essent
471 3798 677 3873 victorumque
701 3801 898 3873 reportassent
927 3799 974 3856 vel
1002 3799 1087 3856 oeci-t

99 3887 229 3968 messuit
244 3891 301 3949 nisi
320 3889 434 3963 mythos
453 3905 471 3948 a
489 3889 618 3962 Tragicis
643 3893 780 3950 tractatos
805 3889 853 3948 vel
875 3884 1087 4021 sultaioyoidrr‘
1165 3979 1167 3984 Ι
