2790 4712
536 405 743 468 ..49-

135 551 247 628 doctae
254 524 347 642 sint,
379 568 482 640 postea
506 581 601 639 paens
625 567 848 638 neglectae-
873 570 945 628 cum
968 569 1045 630 libro
1068 577 1140 653 περὶ

47 683 51 688 ·
135 659 203 718 τοῖν
228 675 327 736 τριων
356 651 591 738 τραγῳδοποιῶν
621 657 745 732 Diogen.
777 658 912 716 Laertius
943 661 1040 730 affert:
1072 667 1140 746 usqi

137 748 204 808 τῶν
232 743 318 826 παρὰ
345 741 497 826 Εὐριπίδῃ
515 748 576 806 παῖ
603 745 754 824 Σοφοκλεῖ
780 747 876 824 empty.
924 751 1039 808 Deinde
1069 756 1140 834 περὶ
1255 815 1259 828 ,
1321 753 1330 764 ·
1365 768 1369 778 ,

136 838 296 911 ποιητικῆς
314 838 365 896 καὶ
382 836 443 918 τῶν
462 835 600 909 ποιητῶν.
615 857 650 910 α.
681 839 713 894 iu
732 853 790 912 quo
815 839 921 895 iterum
947 838 983 896 de
1008 841 1140 914 Tragicis

138 943 211 986 eum
236 929 332 1000 egisse
356 943 417 984 uon
440 921 682 1008 verisimile¹³²).
702 960 742 974 —
766 929 903 990 Ceterum
927 929 1007 1002 quali
1026 930 1139 1002 judicio

137 1034 214 1078 usus
234 1019 274 1074 sil
291 1017 478 1096 Heraclides,
504 1021 628 1092 apparet
647 1035 664 1074 e
682 1017 781 1092 lepida
805 1019 856 1076 illa
874 1021 1041 1079 narratione
1061 1021 1140 1098 apud

137 1109 306 1179 Diogenem
324 1109 488 1166 Laertiumr
516 1108 599 1166 unde
619 1107 715 1166 elucet
733 1109 851 1167 onmiuo
870 1110 974 1186 opinor
999 1127 1065 1168 eum
1082 1115 1139 1171 cri·

137 1195 232 1256 ticam
249 1213 310 1254 non
327 1198 793 1281 sectasse,ccdphi10sophice
818 1202 960 1258 tractasse
979 1199 1141 1261 dramatum

138 1290 329 1362 argumenta,
355 1291 408 1346 aut
425 1288 581 1344 historicae
599 1290 718 1355 omnino
737 1293 826 1362 atque
851 1289 1029 1348 aestheticae
1048 1293 1140 1366 expli·

138 1376 230 1434 candi
248 1377 356 1436 rationi
375 1377 501 1435 eundem
517 1377 673 1436 indulsisse
688 1373 759 1457 ¹³³).
778 1411 818 1424 -
836 1379 948 1446 Quodsi
960 1380 997 1438 ad
1010 1385 1141 1456 ueterum
1233 1450 1235 1459 ,

139 1467 312 1522 testimonia
329 1467 511 1544 respicimus,
530 1482 589 1524 non
608 1470 730 1526 multum
747 1472 894 1548 proiecto,
913 1471 991 1544 quod
1008 1473 1139 1534 Heracli·

139 1553 190 1612 dis
208 1559 467 1614 commentationes
487 1558 630 1630 perierint
647 1559 805 1618 doleamus.

216 1647 441 1722 Aristomene
464 1647 610 1723 Musici
628 1668 696 1747 περι
713 1662 946 1747 τραγῳδοποιῶν
962 1669 1069 1728 librum
1080 1671 1140 1745 pri-

29 1805 44 1830 .,
141 1773 222 1814 mum
241 1761 411 1818 Annonius
431 1762 503 1818 citat
521 1778 544 1818 s.
563 1779 592 1818 r.
613 1756 754 1838 ῥύεσθαι.
791 1759 914 1831 Scripsit
932 1773 1046 1833 quoque
1067 1763 1142 1832 satis

140 1863 279 1918 magnum
297 1855 471 1926 συμμίκτων
487 1848 708 1924 ὑπομνημάτων
725 1865 814 1922 opus:
839 1849 872 1905 in
890 1849 973 1920 cujus
990 1852 1044 1910 xl.
1064 1852 1139 1910 libro
1233 1922 1239 1928 ,

141 1935 180 1994 de
199 1939 317 2010 tragicis
336 1944 368 2000 et
386 1938 503 1997 comicis
523 1942 623 2010 egerat
636 1933 707 2017 ¹⁸⁴).
736 1939 817 2011 Opus
830 1937 961 2009 ejusdem
979 1941 1048 2017 sepi
1065 1957 1140 2021 τρο

140 2028 223 2101 μικῆς
247 2027 418 2106 ὀρχήσεως
416 2030 534 2102 saepius
562 2029 713 2103 laudatur,
738 2032 772 2083 ut
797 2028 834 2084 ab
858 2029 1089 2102 Harpocrationo
1114 2048 1137 2088 s.

141 2111 351 2222 τορδαιιισμός,
371 2121 402 2176 et
420 2119 544 2204 Etymol.
559 2119 605 2174 Μ
626 2135 649 2174 s.
669 2115 795 2187 Σίκιννος
812 2117 914 2174 laudat
926 2121 1053 2192 primum
1070 2137 1139 2195 ope·

141 2207 183 2262 ris
202 2197 316 2265 librum.
362 2209 460 2282 Opere
484 2223 572 2281 quam
599 2206 730 2277 'lhagicis
757 2206 935 2282 impenderit
960 2210 1163 2271 illustrandis-

141 2296 350 2375 Aristoxenus,
370 2299 465 2372 quslis
483 2299 587 2373 iueut,
612 2314 651 2354 ex
668 2297 749 2353 hisce
767 2297 884 2356 indiciis
908 2300 1005 2356 facile
1012 2302 1138 2372 oolhgas.

142 2385 286 2446 zenobius
306 2390 343 2446 de
361 2405 450 2446 versu
468 2388 645 2462 Euripideae
657 2387 781 2460 Telephi
799 2383 872 2445 liaeo
890 2389 993 2446 hahet·
1012 2389 1139 2466 Bessan*

136 2471 293 2552 Ἀχιλλενς
313 2473 367 2536 δύο
385 2479 467 2555 aldio
485 2480 537 2536 καῖ
554 2476 706 2558 τέτταρα·
713 2507 753 2520 -
774 2474 1050 2585 ΤοῦτοΕὐριπίδρν
1063 2476 1137 2542 ἐστι.
1160 2519 1162 2523 -

143 2568 193 2622 τοι
205 2564 413 2672 Ἀριστόξενρς
432 2562 469 2625 δέ
484 2582 588 2644 φησιν,
608 2587 656 2624 οτι
668 2565 782 2645 Εοριιτ
781 2561 832 2640 δης
852 2561 1033 2647 διορθοιν
1000 2589 1053 2628 τον
1075 2570 1139 2644 Trl—
1245 2573 1248 2586 “

142 2651 238 2732 lepor
252 2651 393 2726 ἐξεῖλε
363 2677 414 2730 την
431 2661 574 2718 πεττείαν.
604 2653 826 2724 Quibuscum
802 2675 829 2715 ει
848 2675 1056 2734 comparamus
1063 2677 1137 2736 quae

143 2788 342 2807 *ω’-αισα..-

208 2877 273 2944 1sa)
289 2881 405 2946 Diogen.
429 2881 462 2932 h.
478 2881 521 2946 V,
544 2883 576 2932 86
594 2895 654 2946 sqq.
687 2861 734 2935 lle
750 2879 896 2933 Heraclide
917 2882 1033 2936 Pontico
1056 2897 1135 2938 com-

144 2961 239 3024 plures
256 2964 430 3026 scripserunt
452 2967 484 3014 ut
506 2965 625 3042 lioeler,
651 2963 776 3029 Boules,
806 2965 948 3016 Deswert.
982 2967 1135 3021 Novissime

119 3041 315 3098 *Welolrerns
334 3049 368 3100 de
384 3061 469 3112 opero
486 3043 609 3112 ejusdem
627 3043 865 3120 nspiuoircstaiv
875 3057 1136 3115 commentatusest,

146 3133 214 3182 Nor.
230 3135 301 3193 Mus,
312 3135 409 3192 ,Rhea
426 3137 462 3196 V,
479 3151 506 3200 p.
523 3135 573 3187 114
589 3153 648 3204 sqq.
682 3140 707 3192 Ε
721 3141 833 3204 scriptis
846 3129 963 3192 ''uomlno
986 3143 1011 3199 1ι,
1028 3143 1047 3193 l.
1064 3139 1136 3215 περῐ

144 3215 300 3291 μουσικῆς,
320 3223 401 3290 cujus
426 3225 537 3276 tertium
562 3223 660 3276 librum
684 3224 778 3276 laudat
803 3225 961 3274 Athenaeus
986 3227 1019 3282 Χ,
1042 3227 1091 3277 itt
1109 3230 1134 3278 d.
1191 3251 1195 3263 ·

144 3303 229 3370 xm,
245 3306 295 3356 824
312 3319 337 3358 ο.
354 3311 383 3358 et
400 3321 459 3372 sqq.
476 3307 534 3370 (op.
550 3306 671 3369 rit-ts).
687 3331 721 3342 -

209 3384 272 3449 1ss)
288 3389 369 3454 mog.
385 3392 417 3448 h,
434 3391 481 3456 V„
498 3390 545 3443 382
562 3400 624 3445 eum
641 3387 808 3438 Aristoxeno
819 3389 988 3450 memoratur:
999 3387 1134 3454 Chamae-

144 3467 216 3533 aaa,
233 3469 280 3523 uhi
295 3472 329 3523 de
346 3472 428 3524 hirtis
438 3471 594 3524 Heraclidis
604 3468 747 3523 limeranls
762 3482 857 3520 sermo
875 3473 927 3522 est.
943 3499 977 3510 -
994 3469 1059 3535 Gir⁰¹
1070 3475 1134 3526 Me·

146 3554 251 3619 ungium
269 3558 304 3606 ad
321 3557 401 3626 Diog.
417 3561 451 3609 Ιι.
468 3563 497 3610 et
513 3559 623 3609 suidam
639 3573 661 3616 s,
679 3572 705 3609 v.
722 3554 911 3628 παραοτιχίς,
1185 3557 1189 3564 ’

206 3636 270 3697 184)
288 3639 322 3692 V.
337 3639 513 3692 Photitllihl.
529 3653 573 3705 gr.
595 3640 638 3692 ed·
660 3641 778 3692 heller.
803 3643 863 3692 cod.
879 3640 937 3698 lai,
971 3642 1045 3694 idem
1061 3641 1134 3696 inlus

146 3720 236 3783 operis
249 3721 349 3776 lilim
364 3725 441 3776 xvi.
458 3739 476 3776 a
491 3725 614 3786 sopatro
629 3721 756 3786 sophista
772 3723 940 3786 exscriptum
957 3733 1020 3774 esse
1036 3727 1134 3779 narrat

145 3807 200 3864 Μ.
216 3806 265 3860 1⁰³
281 3821 308 3872 n·
326 3812 367 3864 93.
382 3837 418 3850 ·-
434 3814 508 3866 Num
520 3805 589 3882 περι
607 3798 843 3882 τραγῳδοποιῶν
860 3801 936 3859 liber
955 3818 1020 3862 cum
1039 3817 1133 3882 ονμμ,
1229 3839 1234 3845 -
1333 3815 1336 3822 ·

143 3884 285 3963 ὑπομνημ.
305 3899 351 3952 llio
368 3902 501 3953 cohaeret
517 3899 563 3952 vel
579 3899 649 3952 iden
666 3893 730 3954 esti

955 3919 1059 4022 ,4¹
