2908 4712
285 639 407 712 poetes,
432 635 954 694 tautumuniuslahulsevietoriam
977 640 1126 713 notant,
1150 639 1211 696 illie
1236 645 1295 702 vel

286 732 388 803 poetes
407 729 608 785 eoueertautes
625 730 817 784 enumeraret.
842 728 942 798 Atque
958 727 1088 798 integre
1106 729 1293 789 didasediu

284 833 428 893 numm
445 818 562 874 videtur
580 816 785 890 deseripdsse:
803 817 1030 874 rerumiisdem
1047 818 1169 876 dueihus
1182 837 1291 891 exem-

285 911 359 986 plis,
382 909 611 981 Aristophanem
629 909 783 966 historiens
801 924 851 964 res
875 909 1007 966 eousolto
1030 924 1158 981 uuum
1181 913 1290 982 negle-

284 1001 365 1058 sisse
383 1015 475 1069 negot
493 1000 582 1056 immo
601 997 653 1056 ubi
671 998 956 1069 argumentameerti
975 1000 1133 1056 etiamumo
1151 1003 1286 1060 auctoris

285 1089 323 1146 de
341 1093 487 1166 tempore,
513 1105 571 1163 quo
596 1091 662 1144 aeta
679 1089 777 1148 tabula
795 1089 844 1163 sit,
863 1089 901 1144 de
920 1089 1075 1166 archonte,
1100 1092 1138 1148 de
1156 1092 1285 1150 victoria

283 1181 458 1256 loquuntur,
483 1181 520 1236 iis
538 1178 745 1252 Aristophanis
764 1179 953 1236 Grammatiei
970 1195 1079 1236 nmnen
1102 1182 1286 1242 confidenter

283 1272 494 1343 renssimeque
512 1271 618 1344 opinor
636 1269 830 1343 supraseribo.
859 1270 925 1335 Quo
942 1271 1092 1342 pertinent
1109 1277 1287 1348 mgumemts

284 1361 324 1418 sd
335 1361 473 1430 Aeschyli
484 1361 600 1436 Perses,
619 1362 885 1435 Agamemnonem
904 1361 1056 1434 Sophoclis
1065 1362 1212 1434 oedipmu
1222 1364 1285 1420 Re·

283 1466 350 1523 gem
368 1443 437 1528 (dod
455 1453 484 1506 ri
502 1451 643 1526 τόραπυς
661 1445 886 1527 ἐπιγέγραπται,
904 1451 982 1508 unde
1001 1453 1087 1510 simul
1105 1453 1284 1512 Dieaemhi

283 1541 376 1614 sepiis
395 1555 481 1596 usum
499 1557 565 1595 eum
583 1557 649 1596 esse
666 1535 839 1619 intelligas),
859 1542 1005 1614 Oedipum
1023 1544 1189 1618 Coloneus,
1208 1545 1284 1602 Phi-

282 1632 437 1705 loctetam,
461 1630 611 1702 Euripidis
630 1629 774 1706 Rhesum,
799 1631 935 1688 Medeam
953 1627 1030 1712 (arg.
1049 1633 1141 1696 Led.
1156 1629 1281 1714 Diud),

281 1721 480 1796 Hippolytum,
499 1720 678 1777 Aleestidem
697 1714 760 1800 (ed.
779 1715 896 1800 Diod),
914 1723 1163 1800 Andromacham,
1180 1724 1281 1782 Plion-

281 1813 394 1887 nissas,
427 1811 570 1870 Orestem.
600 1843 639 1856 -
666 1814 776 1869 Verum
807 1813 886 1870 enim
916 1829 987 1869 vero
1017 1814 1147 1890 integra,
1178 1815 1279 1888 qualia

153 1927 161 1948 ·
280 1903 492 1975 Aristophanes
524 1903 729 1974 eousoripserit
757 1902 916 1960 etiamnum
939 1903 999 1972 legi
1028 1908 1199 1974 argumenta
1222 1921 1278 1962 no·

280 1992 333 2050 lim
362 1993 546 2048 oonteudere.
584 1989 662 2049 Nam'
685 1994 712 2048 si
742 1993 868 2068 aliquid,
900 1993 1043 2062 ejusmodi
1073 1999 1278 2064 argumentum

280 2097 299 2138 a
316 2082 528 2156 posterioribus
547 2083 750 2140 Grammaticis
768 2100 822 2155 pro
840 2083 962 2140 arbitrio
979 2087 1138 2160 reoeptum,
1158 2103 1276 2159 permu-

280 2176 385 2248 tatum,
403 2173 618 2247 amplificatum,
637 2177 826 2248 eonnaetum,
845 2175 1083 2245 praetermissum
1101 2179 1155 2232 est
1175 2178 1276 2250 Atque

279 2261 454 2335 interpretes
472 2263 642 2335 posterioris
661 2264 800 2335 temporis
818 2263 961 2337 imprimis
972 2265 1177 2339 Aristophanis
1189 2283 1274 2325 usur·

278 2367 365 2423 posse
384 2351 493 2428 copies,
512 2351 627 2407 abunde
647 2368 721 2425 quae
740 2369 829 2426 supra
847 2355 932 2412 attuli
950 2356 1055 2412 doeent
1073 2355 1215 2431 exempla
1233 2391 1275 2406 -

352 2442 442 2499 Porro
461 2458 499 2498 ex
516 2447 686 2513 argumento
711 2444 843 2517 Sophoel
869 2445 1006 2516 Antigou.
1026 2447 1181 2524 discimus,
1205 2449 1273 2508 Ari·
1322 2458 1326 2466 ’
1441 2433 1442 2504 ζ

279 2532 452 2607 stophanem
470 2533 581 2590 ordinis
600 2549 658 2607 que
676 2534 791 2592 lehulae
815 2535 848 2591 in
865 2537 965 2594 Attico
989 2539 1123 2611 exemplo
1146 2540 1273 2612 perseri-

276 2627 345 2698 ptae
364 2624 487 2700 luerint,
513 2625 650 2682 habuisse
669 2627 820 2682 rationem.
858 2627 923 2684 llue
947 2625 1142 2694 eitimreiero
1168 2630 1273 2688 Gram-

276 2713 375 2772 matiei
393 2716 498 2772 verba:
517 2715 652 2774 λέλεκται
667 2709 701 2772 δὲ
720 2711 754 2772 τό
774 2709 878 2793 δρᾶμα
896 2717 986 2774 τοῦτο
1005 2717 1180 2795 τριάκιιστον
1204 2715 1272 2778 deri·
1324 2773 1328 2786 ,

275 2823 377 2882 sepsos
407 2808 502 2862 resero
533 2806 622 2863 etiam
645 2808 764 2876 Argum.
790 2807 892 2880 Eurip.
917 2809 1075 2866 Aleestidz
1105 2806 1141 2867 τὸ
1166 2805 1271 2889 δρᾶμα

276 2889 408 2964 ἶποιήθη
428 2891 466 2962 a&
479 2892 541 2976 ¹⁸⁹)
560 2897 679 2966 Argum.
698 2897 849 2968 Aristoph.
869 2898 925 2954 Av.
940 2896 1004 2956 ἔστι
1023 2894 1057 2960 δὲ
1074 2899 1123 2956 λε’.
1142 2900 1179 2956 lu
1195 2901 1270 2973 ipsis

275 2983 353 3038 euim
382 2981 604 3040 didascaliarum
633 2986 843 3059 monumentis,
880 2992 970 3059 quota
998 2993 1076 3046 esset
1110 2989 1196 3048 doeta
1223 2993 1267 3048 m·

212 3097 217 3104 ·
274 3071 353 3147 huia,
372 3073 525 3129 memorari
542 3075 629 3132 nollo.
641 3077 727 3148 paeto
744 3075 849 3148 potuit
869 3077 910 3134 At
928 3080 1114 3156 quibusnam,
1134 3095 1267 3156 quaeres,

337 3313 546 3380 lampertum
571 3317 666 3370 vitium
684 3319 807 3372 Glomius
830 3317 877 3379 (de
894 3318 987 3382 huelp,
1004 3319 1106 3371 Alcest.
1124 3335 1219 3374 coma.
1236 3337 1264 3386 p.

272 3397 604 3466 ltmamoenesanavtt:
622 3405 734 3468 scripsit
743 3410 831 3458 enlm:
849 3394 980 3472 ἐποιήθη
999 3401 1043 3458 ιε’.
1059 3435 1090 3444 -
1108 3412 1145 3459 At
1156 3411 1265 3461 trustra

271 3494 305 3532 er
323 3479 456 3546 ejusmodi
472 3497 605 3551 numero,
627 3499 681 3548 quo
705 3491 829 3551 tempore
846 3495 909 3540 acta
924 3491 1018 3542 tabula
1033 3489 1120 3542 luerit
1136 3493 1262 3556 colliges.

269 3565 343 3615 Aves
361 3565 403 3615 01.
421 3565 461 3624 91,
479 3566 494 3614 t
512 3567 592 3615 docta
609 3571 665 3616 est:
689 3571 770 3631 atque
792 3571 1002 3636 Aristophanem
1022 3573 1124 3624 seimus
1148 3587 1261 3625 comoe-

269 3645 328 3696 dias
343 3645 489 3709 scripsisse
505 3645 552 3714 μό*
570 3655 684 3712 quarum
702 3647 727 3698 δ’
743 3653 855 3714 spuriae
872 3657 984 3708 tuerint.
1018 3659 1112 3717 Quare
1130 3669 1260 3707 numerus

268 3729 322 3776 iste
337 3733 386 3778 aot
408 3729 502 3779 miron
520 3735 649 3793 quantum
666 3733 834 3796 depravatus
858 3741 915 3798 est,
938 3729 989 3789 aut
1011 3737 1138 3790 ordinem
1149 3739 1258 3789 mula-

267 3809 342 3867 rum,
359 3823 413 3871 quo
429 3811 456 3860 ln
474 3811 565 3874 alique
583 3816 706 3877 exemplo
718 3839 751 3854 ·-
762 3818 855 3880 cogito
873 3820 907 3886 de
924 3822 1048 3884 exemplo
1066 3821 1259 3886 nyctiges-

266 3889 436 3954 penertptae
452 3893 557 3944 fuerim
573 3895 683 3948 ludlest.
