2790 4712
531 360 736 428 *33-

134 551 168 604 et
178 543 344 605 Choerilum
356 540 508 615 scripsisse
526 557 545 598 s
564 540 652 598 Suide
671 540 776 598 dicitnr
788 537 842 623 ¹3).
871 539 986 600 Deinde
1003 541 1129 598 Glaucus

135 636 266 710 qnidam,
286 633 336 708 qni
347 627 378 690 ἐν
395 631 459 702 τοῖς
473 631 543 708 περί
557 628 712 708 Αἰσχύλου
730 629 842 704 μύθων
854 630 891 686 ab
904 633 1021 688 anctore
1039 647 1129 704 argu-

135 726 229 783 menti
247 724 286 781 ad
303 725 407 782 Persas
427 722 547 797 citatur,
567 725 635 796 post
653 721 835 797 Fabricium,
859 721 1037 797 Harlesium,
1057 723 1129 780 alios

120 815 215 874 'inter
229 815 405 878 novissimos
419 813 506 869 etiam
525 810 705 870 Blomfieldio
718 810 762 893 ⁸⁸)
781 811 930 882 Rheginos
949 813 997 868 illc
1015 813 1131 871 videtur

136 925 218 966 esse:
238 908 320 979 cujus
339 900 550 982 succinctoriis
567 904 674 961 librum
692 899 823 959 nonnulli
843 905 1011 975 suspectum
1021 902 1129 961 habuc·

136 1001 207 1055 runt
219 990 273 1078 ⁸⁹).
294 997 325 1053 Si
344 995 485 1067 genuinus
504 994 591 1050 ttrcrit
609 990 712 1050 Glauci
729 990 855 1063 Rhegini
873 993 957 1068 liber,
978 992 1130 1066 cujusple·

137 1087 252 1146 niorem
278 1087 394 1144 titulum
418 1085 503 1144 affert
521 1083 691 1140 Plutarchus
705 1079 761 1163 ⁹⁰),
781 1082 968 1155 scriptionem
987 1083 1074 1140 istam
1093 1085 1130 1142 de

134 1179 275 1250 Aeschyli
302 1176 409 1248 mythis
438 1173 609 1248 particulam
627 1173 743 1246 majoris
762 1173 840 1228 illius
860 1171 896 1228 dc
915 1172 1010 1245 poetis
1034 1175 1132 1246 operis

136 1269 228 1326 tuisse
240 1283 369 1326 censeas.
407 1265 556 1339 Attamen,
576 1263 602 1320 si
620 1263 686 1338 ipsa
703 1262 865 1334 argumenti
883 1262 973 1318 verbo
990 1263 1130 1336 conspici·

136 1373 202 1414 mos
215 1352 272 1438 ⁹¹),
292 1372 351 1414 non
369 1358 430 1411 tam
441 1351 572 1414 historici
591 1369 626 1408 ea
646 1369 711 1408 esse
731 1368 817 1425 quam
830 1351 921 1408 critici
934 1367 1130 1422 agnoscemus.

137 1447 276 1506 criticum
285 1449 383 1504 autern
391 1443 687 1516 mythorunsepoctis
697 1442 815 1513 tragicis
825 1444 1012 1499 tractatorum
1022 1443 1130 1518 disqui-

137 1537 274 1595 sitionem
285 1529 386 1610 q'uinto
395 1553 422 1592 a.
437 1535 504 1592 Chr.
514 1550 543 1590 n.
557 1533 673 1590 saeculo
684 1548 744 1589 non
759 1533 894 1590 concedo.
915 1534 1011 1599 Quare
1025 1534 1131 1592 dubins

136 1627 245 1686 haereo
257 1631 354 1684 utrum
374 1627 486 1684 Glauco
503 1623 619 1681 cuidam
638 1624 728 1680 multo
740 1622 896 1679 recentiori
914 1623 994 1681 illum
1007 1625 1132 1682 tribuam

134 1717 242 1775 librom
259 1735 297 1774 an
316 1718 413 1791 potins
431 1729 538 1774 nomeu
558 1709 820 1780 mairomontem
839 1715 870 1771 in
890 1711 1093 1796 Μίκων’).

204 1927 251 1988 87)
270 1931 296 1985 S,
313 1943 341 1978 v.
358 1917 524 2000 Σοφοκλῆς.
558 1929 695 1979 Fortasse
713 1929 866 1992 Sophocles
883 1927 910 1979 in
928 1926 981 1978 isto
998 1927 1069 1977 llhro
1087 1941 1132 1994 eo,

137 2021 208 2073 ques
223 2009 283 2072 ipse
299 2011 326 2060 in
345 2011 435 2063 cnoro
453 2011 560 2076 tragico
576 2015 718 2076 navasset,
735 2009 894 2061 detenderit.

203 2093 249 2157 88)
265 2093 423 2144 Blomflelrlil
439 2094 558 2144 Praelat.
576 2093 612 2144 eo
627 2093 755 2154 Aeschyl.
772 2095 885 2143 Persas:
903 2107 929 2156 p.
945 2093 988 2148 111,

203 2175 252 2237 89),
266 2177 371 2226 Auctor
387 2175 425 2226 V.
442 2177 476 2226 X.
493 2178 576 2226 orstt.
592 2176 621 2226 in
638 2173 696 2226 vite
712 2173 886 2237 Antiphontis
911 2173 1003 2237 11111
1020 2177 1131 2228 llutten.

104 2314 105 2323 ,
138 2251 234 2314 slot&
254 2253 285 2313 oi
303 2254 337 2314 τὸ
350 2249 486 2314 Πίοτιίνου
505 2256 559 2314 τοῦ
575 2255 710 2332 Ῥηνίνου
724 2257 794 2334 περὶ
813 2257 944 2329 ποιητῶν
962 2255 1079 2333 βιβλίον
1090 2256 1132 2340 Ιτίς

131 2343 320 2424 Ἀντιφῶντα
338 2345 546 2426 ἀναφέρουσιν.
964 2356 968 2372 1

203 2446 248 2504 to]
265 2447 294 2494 la
311 2446 382 2497 libro
400 2448 434 2497 de
450 2445 561 2497 Musica
577 2447 680 2497 citatur
699 2435 833 2506 Γλαῦκος
852 2435 869 2494 ὁ
894 2431 927 2505 ἒξ
946 2435 1076 2510 Ἰταλίας
1100 2436 1131 2498 ἐν

137 2531 349 2602 συγγράμματι
367 2525 409 2603 τῷ
426 2530 497 2607 περί
515 2527 648 2608 ἀρχαίων
666 2528 798 2600 ποιητῶν
816 2529 866 2584 καί
883 2529 1043 2600 μουσικῶν.
1071 2537 1130 2588 cir.

137 2616 267 2669 vossium
286 2617 416 2667 lllstorlc.
435 2619 534 2669 Graec.
551 2635 578 2682 p.
595 2620 653 2668 487.
682 2619 807 2670 Jonsiusn
824 2618 923 2681 script.
939 2619 1011 2670 llist.
1029 2620 1093 2669 Phil.
1110 2621 1130 2669 1.

136 2711 161 2748 c.
179 2698 196 2748 1
212 2713 236 2748 s.
253 2700 278 2749 1.
311 2701 428 2750 liurette
442 2700 470 2751 in
487 2697 566 2758 Mem,
583 2704 617 2752 cle
634 2702 738 2752 l'Acad.
756 2703 804 2751 ‹les
822 2703 909 2750 loscr.
925 2702 945 2750 l.
963 2715 989 2764 p.
1008 2703 1067 2753 tis.

137 2833 140 2840 ,
204 2787 251 2843 91)
268 2789 382 2850 Arg'um.
399 2789 498 2838 Aesch.
516 2789 594 2840 Pers.
626 2779 760 2851 Ιλαῦκος
770 2776 800 2840 ἓν
813 2784 874 2851 τοῖς
890 2785 960 2860 περὶ
973 2780 1131 2859 Αίσχιίλου

136 2867 260 2940 μύθων,
291 2863 323 2926 ἐκ
348 2867 407 2926 ταῖν
434 2865 605 2928 Φοινισσῶν
636 2886 710 2948 φησι
736 2869 885 2948 Φρυνίχου
911 2869 979 2942 τούς
1008 2872 1131 2951 Πέρσας

135 2956 418 3038 παρααεποιῆσθαι.
443 2952 580 3031 ἐκτίθησι
599 2955 632 3018 δὲ
650 2962 701 3018 καί
719 2957 770 3034 τὴν
788 2957 881 3042 ἀρχὴν
905 2963 957 3039 τοῦ
977 2958 1131 3044 δράματος

135 3053 206 3108 racc
249 3068 259 3105 .·
467 3099 469 3106 .
1103 3091 1105 3098 ι

137 3192 141 3202 ¹
177 3067 241 3179 ,ην
287 3117 364 3180 Τάδ“’
383 3117 447 3184 ε’στῑ
464 3119 593 3202 Περσῶν
611 3123 671 3184 τῶν
690 3125 786 3183 πάλαι
804 3125 980 3201 prorsusne.
1081 3183 1084 3192 Δ

138 3271 142 3278 ,
202 3229 246 3292 os)
264 3230 432 3288 Glnrsccneoi
450 3233 700 3296 cluniasensem,
717 3233 839 3300 Homeri,
856 3237 886 3284 ut
903 3235 1023 3294 ridetur,
1038 3235 1129 3284 iuter-

136 3315 239 3376 prctons
267 3312 303 3376 (ν,
321 3315 413 3364 schol.
438 3315 507 3374 ven,
529 3314 608 3366 11οοι.
623 3314 656 3364 11.
678 3330 704 3364 ο.
724 3313 775 3381 t),
804 3315 837 3364 de
863 3327 917 3378 qno
943 3316 994 3369 etr.
1021 3315 1129 3367 h'nhric.

137 3395 200 3446 tlibi.
218 3397 266 3447 Gr.
282 3399 302 3447 1.
319 3399 368 3448 nst
390 3403 468 3452 Harl.
486 3402 619 3452 Fortasse
635 3401 703 3452 idem
722 3406 764 3452 est
781 3415 841 3454 cuci
859 3415 903 3469 eo,
921 3399 1004 3470 cujus
1021 3393 1051 3452 Γ
1048 3395 1129 3454 tcto*

136 3491 190 3548 σας
208 3486 304 3536 hostat
321 3487 478 3540 Athenaeus
495 3489 542 3542 xs.
560 3489 609 3540 180
626 3490 645 3540 ί.

532 3733 708 3756 ..Q-v
