2908 4712
606 1347 763 1468 Caput
790 1352 998 1442 tertium.

751 1602 851 1612 m-

379 1797 420 1856 llt
430 1793 587 1854 secundam
599 1775 848 1870 interpretationis
859 1796 989 1852 Graecae
1001 1795 1127 1850 aetatem
1145 1791 1183 1848 ab
1203 1776 1305 1852 Art'-

304 1892 484 1986 stophane
508 1887 702 1982 Byzantio
721 1904 891 1980 inciperem,
909 1905 1007 1978 plures
1026 1918 1072 1957 me
1098 1919 1221 1964 caussae
1240 1924 1303 1966 mo·

305 2005 418 2058 verunt
437 2033 476 2045 -
493 2001 622 2058 Primum
647 2002 714 2056 ante
739 1999 826 2069 hujus
852 1996 1041 2055 Grammatici
1065 1998 1181 2067 tempus
1207 1999 1304 2055 critici

247 2140 252 2148 .
306 2091 505 2148 commentarii
536 2091 696 2164 specimina
727 2089 775 2146 vel
805 2088 930 2159 vestigia
958 2087 1097 2155 indagare
1122 2103 1183 2144 non
1206 2091 1301 2161 potui.

304 2181 420 2239 Deinde
446 2180 576 2250 ejusdem
600 2184 698 2236 aetate
723 2181 834 2235 illustre
858 2179 930 2236 illud
953 2176 1178 2233 Atheniensium
1204 2195 1303 2236 exem·

305 2272 386 2344 plum
404 2271 566 2327 fabularum
590 2269 627 2325 ab
646 2269 771 2325 Athenis
790 2268 997 2324 Alexandriam
1022 2267 1150 2322 delatum
1169 2271 1231 2344 est,
1256 2268 1303 2325 id·

306 2376 362 2433 que
382 2377 447 2416 cum
466 2359 530 2414 aliis
550 2359 689 2430 exemplis
708 2359 818 2431 primus
836 2359 1047 2430 Aristophanes
1072 2358 1203 2414 contulit.
1241 2361 1302 2415 De·

305 2449 394 2523 nique
413 2449 492 2506 idem
511 2449 722 2505 Grammaticus
741 2449 852 2521 primus
872 2451 1007 2506 accentus
1033 2447 1124 2518 signis
1149 2464 1219 2504 usus
1244 2451 1300 2504 est

305 2539 350 2598 Ne
369 2542 477 2596 laetum
494 2539 672 2610 negligentia
691 2555 755 2595 esse
774 2541 861 2613 puta,
881 2542 914 2594 ut
931 2538 1137 2610 Aristophanis
1161 2539 1302 2612 tempori·

305 2629 360 2688 bus
389 2631 518 2687 Atticum
546 2630 708 2687 fabularum
735 2629 915 2714 exemplum,
944 2627 1023 2701 quod
1052 2627 1105 2684 sub
1129 2629 1302 2686 ¹Ptolemaeo

305 2720 451 2791 Euergeta
469 2736 537 2790 rege
549 2719 778 2776 Atheniensibus
797 2723 930 2791 ereptum
941 2721 1004 2793 est,
1023 2718 1231 2775 Alexandriam
1250 2736 1301 2776 ve·

304 2812 384 2867 nisse
410 2810 591 2868 contendam.
630 2810 842 2882 Aristophanes
868 2809 961 2884 enim,
987 2823 1076 2881 quum
1100 2825 1154 2865 rex
1176 2809 1227 2867 ille
1253 2827 1301 2866 su·

304 2915 438 2972 menium
456 2900 544 2973 obiit,
571 2899 687 2956 circiter
705 2899 957 2972 quadragesimum
976 2889 1081 2954 aetatis
1105 2915 1213 2955 annum
1232 2915 1300 2971 agc-

305 2987 357 3044 bat
371 2981 448 3066 ι·’)ι
474 2988 625 3056 sexaginta
644 2989 717 3043 duos
737 2991 787 3043 aut
812 2991 949 3059 quattuor
973 3003 1064 3044 annos
1089 2992 1175 3044 natur
1200 2991 1299 3059 regiae

305 3075 499 3132 bibliothecae
518 3079 662 3152 praeerat,
682 3077 723 3131 ita
742 3080 775 3138 ut,
788 3077 994 3134 Callimachum
1012 3082 1063 3134 aut
1073 3080 1299 3137 Eratosthenem

307 3169 358 3222 aut
387 3166 572 3238 Apollonium
602 3165 808 3222 nitidissimum
838 3167 910 3224 illud
940 3170 1139 3242 apographum
1170 3185 1298 3245 curasse,

241 3295 245 3307 ·
306 3257 493 3314 verisimilius
513 3259 599 3313 esset.
619 3258 757 3314 Attamen
768 3258 841 3331 ipsis
859 3257 1053 3315 bibliothecae
1072 3259 1226 3332 praelectis
1238 3275 1297 3315 non

305 3350 431 3405 tribuam
455 3347 738 3404 transcribendarum
762 3347 923 3406 fabularum
946 3349 1110 3418 negotiumr
1134 3365 1189 3405 nec
1214 3349 1297 3422 quid·

305 3454 408 3515 quam,
434 3437 586 3509 quominus
605 3438 652 3493 vel
671 3439 811 3508 ajuvenc
837 3438 1023 3508 grammatico
1042 3441 1203 3495 conlectum
1228 3455 1297 3514 apo-

305 3527 446 3600 graphum
465 3542 529 3583 esse
549 3526 723 3584 arbitremur
740 3528 870 3602 impedit
889 3559 893 3564 ·
910 3529 1021 3594 Quodsi
1039 3545 1072 3586 re
1090 3545 1161 3586 vcra
1179 3529 1242 3586 sive
1261 3529 1297 3586 ab

304 3893 314 3942 Ι
341 3893 351 3942 ¹
370 3811 431 3878 167)
449 3819 557 3878 Sequor
573 3813 750 3866 llltsebelium
766 3815 786 3864 Ι.
797 3815 816 3864 l.
828 3829 854 3877 p.
871 3817 905 3868 79
921 3829 979 3880 sqq.
997 3815 1053 3872 Gir,
1071 3817 1155 3869 ettam
1172 3773 1295 3870 itachius

317 3927 324 3942 .
352 3906 403 3955 .p.
421 3895 491 3946 cvl.
508 3897 566 3946 not.
584 3895 623 3944 92.
