2790 4712
700 383 906 458 *ffi-

225 540 227 550 ’
277 563 283 578 “
313 551 450 608 rectionis
469 549 506 606 ab
524 547 596 622 ipsis
615 546 707 605 tribus
726 546 856 617 ‘l'rngicis
875 547 968 603 metae
986 539 1143 616 specimine
1161 553 1320 614 perquam

315 643 420 712 exigue
439 645 522 716 suntg
541 641 628 696 immo
647 637 753 694 Medea
771 639 904 711 excepta,
923 635 960 691 de
979 651 1037 708 qne
1054 637 1152 690 umen
1171 632 1318 688 testimo-

315 733 364 788 nia
383 731 452 788 solis
471 729 645 801 conjecturis
663 728 804 802 nituntur,
823 731 933 784 certum
952 728 1151 796 argumeutrun
1170 724 1315 796 proiemo

314 839 373 880 non
401 822 538 895 reperies.
578 820 651 895 Sed,
682 819 734 892 qui
759 818 905 876 historicis
934 828 1082 874 careamus
1112 814 1311 888 argumentis,

313 929 383 970 num
401 913 533 970 omnibus
552 911 669 968 omnino
687 905 837 966 caremusi
865 909 957 965 Immo
974 908 1090 966 videtur
1107 908 1138 962 et
1155 903 1312 974 Aeschylo

314 1009 344 1060 et
353 1001 486 1076 Euripidi
496 1001 604 1074 duplex
613 1001 791 1074 quarundam
803 1001 963 1058 fabularum
974 997 1105 1056 recensio
1116 993 1311 1052 concedenda

315 1111 387 1150 esse.
424 1093 561 1172 Aeschyli
580 1093 656 1148 enim
674 1093 746 1167 erat,
761 1091 899 1161 juvenem
917 1093 1010 1146 artem
1028 1088 1105 1144 alere
1124 1089 1211 1159 atque
1230 1083 1310 1140 'edu-

314 1199 393 1242 carer
417 1183 481 1258 ipse
499 1183 617 1240 videbat
635 1187 765 1256 tempora
784 1182 886 1240 summi
904 1180 976 1237 artis
995 1178 1121 1251 tragicae
1145 1175 1242 1250 deris,
1267 1191 1309 1230 nc

309 1275 456 1344 juniorum
474 1274 648 1349 tragicorum
666 1274 784 1330 invente
808 1289 874 1330 eum
893 1271 1024 1346 accipere
1041 1269 1204 1343 oportebat
1244 1267 1307 1322 lta-

288 1437 289 1442 *
314 1381 370 1439 que
388 1365 440 1420 ubi
457 1381 563 1422 novam
580 1365 701 1435 adelsius
720 1365 834 1422 rabulae
853 1363 1012 1420 editionem
1029 1361 1158 1435 paravit,
1178 1373 1245 1414 eam
1263 1357 1305 1412 ad

313 1456 452 1528 temperis
471 1458 587 1525 gustum
610 1459 698 1528 atque
722 1455 760 1511 ed
783 1453 955 1510 novissimas
979 1453 1051 1508 artis
1075 1450 1202 1520 tragicae
1220 1449 1305 1520 leges
1366 1471 1367 1480 2

313 1545 529 1603 accommodare
558 1549 673 1602 coactus
702 1549 755 1601 est.
794 1544 949 1617 Euripides
976 1559 1046 1600 reru
1075 1542 1101 1598 si
1123 1539 1197 1596 nihil
1221 1538 1305 1594 aliud

232 1627 239 1638 '
315 1637 416 1692 saltem
436 1635 622 1707 comicorum·
635 1636 764 1692 convicia
782 1636 880 1707 sugere
899 1634 1032 1692 debebat.
1061 1635 1190 1705 Uterque
1207 1632 1304 1684 artem

226 1787 232 1798 ‚
314 1742 396 1783 suam
414 1728 552 1806 perficere
571 1726 682 1783 studuit
707 1725 759 1782 sed
783 1727 899 1784 diversa
916 1725 1037 1788 ratione.
1076 1709 1238 1792 Aeschylus
1258 1721 1304 1775 in-

313 1820 413 1875 timam
437 1817 603 1888 tragoediae
629 1817 755 1890 speciem
783 1809 850 1874 cum'
872 1815 1031 1890 Sophocles
1057 1815 1109 1872 ille
1136 1811 1303 1884 adaequare

204 1983 208 1990 1
313 1914 432 1967 conatus
452 1912 498 1965 est
510 1901 572 1986 ‘');
592 1908 747 1983 Euripides
766 1908 798 1967 in
816 1908 935 1980 singulis
953 1909 1014 1965 iere
1032 1904 1165 1962 versibus
1177 1903 1303 1958 reiver-

238 2007 241 2015 '
312 1999 357 2056 bis
377 1997 557 2057 inimieorum
572 1999 684 2069 judicio
703 2002 789 2072 ungue
807 2000 929 2074 imperio
954 1999 1132 2070 obsequutus
1152 1996 1211 2050 est:
1242 1993 1302 2048 ior·

241 2158 245 2166 ¹
311 2107 388 2148 mam
405 2091 571 2161 tragoediae
590 2091 777 2164 pertinaciter
796 2091 930 2147 servavit.
950 2121 989 2134 -
1006 2090 1046 2146 Ut
1063 2101 1133 2143 vero
1145 2088 1302 2156 utrumque

311 2182 422 2238 fabulas
451 2197 518 2237 suas
547 2197 600 2236 sua
627 2181 740 2236 ratione
768 2182 910 2252 corrigere
938 2179 1068 2253 potuisse
1097 2173 1301 2248 consedemus

270 2253 272 2266 ¹
308 2275 403 2328 restat
421 2275 519 2327 tamen
536 2270 706 2340 gravissime
724 2271 870 2346 quaestio,
894 2287 964 2326 num
983 2272 1098 2326 coactus
1117 2266 1203 2324 fuerit
1220 2267 1301 2321 uter-

312 2378 384 2437 que,
414 2363 525 2418 tabulas
550 2361 689 2434 quasdem
712 2359 758 2416 bis
783 2361 830 2417 vei
853 2345 961 2435 pluries
987 2355 1111 2418 doceret
1154 2355 1301 2423 Quotnam

312 2453 428 2509 omnino
452 2451 566 2508 tabulae
585 2468 603 2507 a
622 2451 714 2507 tribus
740 2451 887 2524 tragediae
915 2451 1093 2526 principibus
1121 2447 1167 2506 bis
1196 2448 1300 2504 doctae

268 2575 271 2581 ·
312 2539 399 2600 santi
436 2543 598 2614 Perexigua
623 2543 755 2617 exempla
778 2547 846 2620 sunt
874 2561 964 2620 eaque
993 2543 1169 2601 addubitata.
1206 2530 1299 2595 ln'unc

310 2765 372 2802 esse
390 2757 488 2804 actam.
523 2756 649 2805 Attamen
665 2753 689 2803 si
706 2752 790 2803 fuerit
807 2757 950 2820 correcta,
967 2765 1024 2804 nen
1040 2753 1073 2803 ab
1091 2750 1151 2814 ipsc
1168 2747 1298 2811 Euripide

314 2836 402 2898 potuit
419 2843 545 2887 correcta
562 2848 633 2894 esse,
1216 2868 1218 2880 .
1245 2819 1249 2826 ’

317 2949 320 2956 .
376 2919 422 2975 tt)
440 2915 497 2966 cir.
521 2917 665 2968 Welelrerl
688 2919 814 2979 Aeeenyt.
839 2919 939 2981 'l'rilog
965 2931 989 2978 p,
1015 2916 1065 2967 dit
1090 2930 1131 2980 sq.
1155 2943 1190 2954 -·
1215 2915 1299 2966 Vitae

311 2998 484 3060 Aeschyleae
506 3003 605 3048 erretur
628 3004 657 3049 ct
674 3001 770 3049 Pollux
786 3001 833 3057 lv,
850 3001 883 3050 lt
905 2999 1081 3051 Eumenidum
1103 2999 1220 3055 ohortum
1242 3011 1298 3047 nen

311 3080 424 3131 stetisse
440 3085 562 3137 narrant,
597 3081 719 3139 Quorum
738 3081 898 3132 testimoniis
920 3081 1017 3133 additis
1034 3084 1134 3134 suidas
1156 3080 1297 3133 namatio-

309 3163 389 3214 nitus
411 3163 558 3212 itu-utitur
580 3163 746 3230 liceclrlrius,
772 3169 803 3215 ut
824 3165 985 3216 Eruuenides
1010 3163 1070 3214 sire
1096 3164 1229 3216 Orestinus
1254 3163 1297 3212 lrls

310 3247 417 3296 doctam
429 3259 490 3297 esse
504 3247 660 3310 contendat,
678 3260 790 3310 eamque
803 3240 916 3310 primuni
931 3249 1072 3310 cecidisse,
1088 3249 1209 3298 secundo
1228 3259 1295 3296 vero

310 3329 412 3392 primes
435 3328 564 3380 retulisse
586 3330 761 3382 demonstret.
794 3331 958 3381 Testimonia
984 3329 1033 3381 illa
1056 3343 1115 3380 cum
1138 3330 1295 3392 Boettigero

311 3407 482 3463 Welclrerus
497 3413 684 3463 labefactavit:
702 3415 799 3464 Aesclr.
817 3415 884 3464 Eril.
901 3427 928 3476 p.
945 3413 1170 3464 cremasteras
1187 3413 1214 3462 iu
1231 3411 1294 3462 edit.

309 3494 574 3556 Eumenidumque
591 3495 698 3546 ridetur
714 3496 850 3547 assentiri.
885 3497 1027 3549 innostra
1047 3497 1142 3548 tabida
1163 3507 1295 3559 quaenam

310 3583 459 3640 supersunt
475 3577 575 3638 prioris
594 3577 718 3628 editionis
735 3573 852 3630 indicio?
885 3581 921 3630 Ut
938 3580 1135 3631 Glrcreutarum
1152 3589 1294 3628 nituerunt

311 3662 473 3713 deminutum
491 3673 554 3710 esse
570 3655 760 3725 profiteamur,
782 3661 840 3724 ipen
857 3661 938 3716 Gitoni
960 3665 1196 3723 centicepcetsm
1217 3659 1293 3710 reci-

311 3743 382 3792 ease
400 3745 460 3793 veri
476 3755 530 3794 non
547 3747 591 3794 est
607 3743 699 3795 simile.
732 3745 853 3794 Periere
869 3745 1040 3796 Welelterus
1058 3744 1076 3794 l.
1093 3745 1113 3794 i.
1129 3745 1292 3806 Aeschylum

311 3823 392 3873 etiarn
409 3837 426 3874 n
443 3821 597 3889 suspiciens
613 3827 722 3892 liberat,
740 3829 818 3889 qrrasi
833 3832 947 3890 propter
964 3828 1066 3878 cladem
1077 3833 1217 3891 acceptant
1234 3827 1293 3876 ira·
1366 3869 1367 3872 ,

310 3907 416 3958 bandus
433 3909 585 3963 deseruerit
601 3911 728 3968 Athenas,
745 3911 794 3967 cir,
811 3909 944 3962 Petersen
961 3912 994 3964 de
1006 3913 1103 3962 nesci.
1116 3911 1180 3962 l'itn
1196 3923 1222 3974 p.
1231 3907 1292 3976 ils.
1365 3903 1367 3914 ⁴
