2790 4712
695 391 897 454 „qq

303 552 545 637 samaritanis).
603 533 785 630 Quapropter
818 556 881 613 Viri
917 553 994 611 docti
1026 559 1159 629 oenscnt,
1197 555 1300 612 Athe-

302 651 418 706 nienses
436 649 504 706 inde
523 664 541 703 a
560 647 715 704 certamine
733 647 783 703 illo
801 647 976 718 Aeschylum
994 646 1072 702 inter
1095 650 1125 702 et
1142 645 1298 704 Pretium

304 739 589 813 Choerilumquead
617 739 780 810 Lycurgum
803 752 895 810 usque
923 739 1066 794 oratorem
1093 737 1230 794 condnuc
1258 738 1322 793 in·

224 887 230 894 .
302 831 477 888 exstruendo
490 829 643 888 'lahorasse
662 828 892 904 perficiendisque
917 813 1046 904 theatrc3
1075 827 1144 884 dum
1167 829 1296 902 inipso

302 924 472 996 irnperfectc
508 921 639 999 dramata
676 922 830 990 agerentur
866 923 1017 992 poetarum
1054 919 1293 994 clarissimorum,

302 1013 438 1083 Aeschyli
446 1021 460 1088 ,'
480 1011 646 1087 Sophoclis,
671 1011 835 1086 Euripidis,
859 1013 893 1066 ut
911 1010 983 1066 alios
1002 1009 1114 1066 mittam
1127 1007 1164 1091 ⁵).
1202 1012 1294 1068 Teur-

303 1120 373 1178 pore
398 1103 487 1173 igilur
510 1103 575 1179 illo,
605 1118 663 1176 quo
687 1119 733 1158 ars
753 1101 911 1160 dramatiee
927 1101 1045 1158 mirifice
1065 1102 1201 1177 florebat,
1229 1117 1296 1174 quo

303 1194 410 1251 eximie
435 1191 598 1250 delectabat
624 1193 835 1269 Athenienses,
863 1191 1049 1249 nihilominus
1076 1196 1146 1266 apto
1173 1193 1296 1249 theatro

305 1288 336 1342 et
352 1299 442 1341 scena
458 1286 598 1357 porrecta.
611 1301 661 1340 eos
672 1291 778 1342 'carere
797 1284 967 1360 oportebat3
986 1287 1087 1340 centra
1105 1283 1294 1357 splendidum

302 1377 476 1446 a.Lycurgo
504 1373 721 1432 exaedificatum
749 1377 894 1432 theatrum
918 1379 964 1430 est
986 1378 1175 1448 posteaquam
1199 1381 1294 1431 aurea

302 1470 453 1540 poetarum
471 1469 552 1522 aetas
571 1467 702 1541 evanuit,
729 1466 799 1522 licet
817 1465 944 1522 studium
962 1463 1166 1524 decumarum
1178 1465 1295 1522 lahnla-

301 1573 367 1614 rum
386 1556 628 1628 visendarumque
647 1557 735 1612 etiam
752 1556 839 1612 latius
858 1557 946 1612 fuerit
962 1557 1039 1612 inter
1058 1557 1198 1614 Graeciae
1217 1557 1292 1636 civi-

302 1651 378 1706 tates
391 1641 426 1728 0)
445 1650 643 1720 propagatum.
688 1647 719 1703 Si
742 1663 812 1703 vera
836 1649 881 1704 est
901 1647 1029 1703 hamath
1048 1645 1086 1704 de
1102 1648 1200 1704 tractis
1220 1649 1292 1704 suh-

303 1737 407 1813 selliis,
435 1742 467 1794 et
491 1738 613 1810 probata
636 1738 813 1794 nostratibus
837 1724 899 1814 cst,
927 1737 1052 1811 primum
1068 1737 1134 1811 ipsa
1152 1739 1291 1796 subsellia

301 1827 457 1902 lepidihns'
476 1831 623 1886 exstructa
648 1846 713 1886 esse
736 1846 791 1902 per
814 1845 846 1885 se
871 1829 974 1885 elucet
1019 1830 1112 1888 Sccna
1135 1831 1228 1886 serius
1252 1845 1290 1885 ac

301 1919 450 1992 paullatim
474 1922 606 1978 conlecta
630 1924 690 1996 cst3
723 1937 824 1997 scena,
856 1935 930 1994 quae
960 1920 1076 1993 proprie
1105 1921 1147 1977 sic
1171 1921 1289 1996 chaum,

301 2025 392 2084 usque
421 2009 458 2066 ad
476 2011 600 2081 Lycurgi
625 2013 755 2084 tempora
779 2011 934 2068 mutabilis.
979 2011 1077 2076 Quare
1100 2011 1286 2081 ‘l'ragiceram

301 2102 446 2176 principes
465 2117 540 2157 nova
557 2102 687 2158 invenire
707 2117 811 2158 scenae
830 2101 949 2176 decora,
974 2099 1101 2157 inventis
1125 2117 1284 2160 novacen·

297 2192 382 2249 tinuo
411 2191 516 2248 addere
546 2195 576 2248 et
600 2195 735 2265 poterant
759 2195 789 2247 et
813 2193 897 2265 quasi
921 2192 1013 2248 coacti
1038 2195 1120 2248 erant
1137 2189 1173 2273 ²).
1212 2195 1284 2251 'rum

301 2285 423 2357 apparet
441 2295 555 2354 quoque
574 2284 640 2356 post
651 2282 775 2352 Lycurgi
793 2285 924 2355 tempora
942 2298 1058 2338 scenam
1076 2283 1182 2340 theatri
1196 2285 1284 2341 Attici

300 2389 360 2431 uon
388 2372 511 2446 anplius
536 2391 601 2430 esse
625 2375 826 2446 permutatam.
874 2373 919 2430 Nc
950 2373 1015 2446 quis
1043 2375 1140 2430 tamen
1154 2392 1205 2432 'ex
1231 2376 1284 2433 hac

301 2467 443 2538 perpetua
474 2481 577 2521 scenae
608 2465 767 2522 mutatione
795 2481 829 2521 ac
856 2464 1048 2522 mutabilitate
1078 2466 1206 2544 tabulas,
1234 2467 1284 2524 uhi

302 2559 506 2620 semcl'editac
524 2557 646 2632 merim,
667 2555 772 2613 deinde
789 2556 896 2612 iterum
913 2555 1074 2629 iterumque
1094 2561 1235 2614 comeus
1253 2559 1284 2614 in

301 2669 417 2712 scenam
445 2667 510 2709 esse
534 2648 690 2723 productas
715 2647 837 2718 colligat.
884 2647 1146 2726 Aecommodautur
1172 2649 1284 2706 tabulae

300 2745 337 2802 ad
349 2759 460 2812 scenae
477 2744 573 2816 leges,
592 2739 631 2796 ad
649 2738 787 2812 temporis
806 2743 936 2809 gustum:
955 2739 1007 2796 sed
1027 2739 1147 2796 candem
1165 2741 1284 2796 tonnam

276 2883 277 2890 ,
300 2837 421 2894 eandem
440 2833 566 2906 speciem
589 2846 649 2885 una
676 2847 741 2885 cum
759 2831 862 2886 eodem
880 2833 1047 2902 argumento
1066 2834 1191 2888 servant.
1228 2832 1283 2906 lta,

301 2927 327 2982 sl
345 2925 412 2998 quis
430 2923 465 2980 de
484 2921 573 2977 variis
592 2919 752 2977 fabularum
769 2921 995 2995 recensionibus,
1014 2920 1122 2992 quippe
1141 2936 1214 2994 quae
1234 2927 1284 2978 aut

313 3125 316 3156 ι
365 3101 588 3166 billitranensis
605 3100 631 3151 iu
648 3099 731 3152 lihrc:
754 3098 788 3151 l).
804 3103 922 3154 attlsche
945 3103 1174 3174 Theateraeeeu‘,
1197 3107 1224 3168 s.
1241 3107 1282 3158 74.
1373 3119 1374 3133 ’

301 3191 363 3248 udde
379 3188 467 3240 Photii
481 3187 547 3243 llthl,
565 3185 626 3238 ced.
643 3184 699 3242 268,
717 3199 741 3246 p.
758 3184 814 3242 497,
1200 3239 1203 3246 ,

364 3276 395 3334 h)
413 3271 470 3322 cfr.
488 3267 603 3334 (lunelli,
619 3267 737 3319 Thestor
753 3281 790 3318 uu
807 3270 906 3332 Athen,
923 3283 947 3330 p,
963 3269 1005 3320 28.
1017 3296 1050 3308 -
1065 3271 1137 3324 Otit-
1156 3273 1282 3324 Muelleri

300 3355 475 3414 Eumenidum
497 3350 590 3403 versic
613 3362 734 3414 german.
756 3365 781 3414 p.
806 3350 861 3408 10⁰,
903 3351 1057 3405 schneider.
1071 3355 1099 3426 ,¹·
1116 3355 1134 3406 l.
1158 3369 1182 3416 p,
1200 3355 1232 3406 16
1254 3361 1281 3408 ct

300 3441 332 3502 dt
349 3452 394 3502 aq„
430 3434 575 3488 contraria
597 3435 731 3484 sententia
753 3433 949 3500 Kannglesreri
971 3440 1026 3486 cst:
1054 3437 1117 3488 Alte
1143 3437 1280 3490 komische

184 3508 187 3519 ¹
300 3507 407 3588 ltdhue,
427 3533 454 3582 p.
472 3517 518 3568 142
535 3529 592 3580 sqq.

365 3604 394 3663 6)
412 3601 469 3653 Gir.
480 3601 600 3662 Grysar:
618 3599 651 3650 de
666 3601 834 3651 Graecorum
851 3602 1002 3671 tragoedia,
1020 3601 1107 3666 qualis
1119 3601 1169 3653 luit
1181 3601 1279 3653 circum

300 3687 422 3747 tempera
439 3684 633 3739 Demosthenis,
668 3682 726 3733 Col.
743 3681 816 3732 1830.
834 3697 860 3754 p,
878 3685 892 3734 1
910 3700 951 3749 sq.

365 3769 392 3830 t)
408 3765 448 3818 lle
464 3767 580 3818 lureutls
596 3765 793 3832 tragicorum,
818 3777 888 3828 quae
909 3765 1183 3832 eufimii-»seriptum
1200 3774 1276 3822 retu-

299 3851 392 3911 lerunt
419 3848 562 3914 diligenter
583 3850 697 3912 collegit
720 3848 901 3902 Schneiderus
913 3851 937 3906 l,
956 3852 973 3900 l.
997 3853 1023 3912 s.
1041 3852 1096 3910 m,
1114 3867 1139 3916 p.
1158 3853 1206 3904 m
1221 3863 1278 3916 req,

301 3933 358 3990 add
371 3931 412 3995 ·§.
429 3931 474 3988 lt.
493 3945 520 3994 p.
537 3931 578 3984 2⁷.
586 3944 645 3994 sqq.
658 3939 687 3982 et
703 3931 750 3982 Fr·
770 3931 890 3983 Schrdtn.
908 3933 963 3984 l'lt.
987 3936 1112 3997 semron.
1129 3949 1155 4000 p
1172 3936 1204 3986 dl
1220 3949 1276 3998 sqq.
