2790 4712
456 467 457 472 a
534 435 576 447 -
616 401 661 468 ιι
700 381 767 448 -’
878 364 880 368 ⁴

136 569 290 632 factitasse
309 565 448 626 arbitror:
474 565 661 642 negeboque,
682 563 773 623 donce
794 522 880 624 certis
900 583 974 642 quae
995 553 1139 626 contradi·
1176 569 1180 578 '
1232 591 1236 600 ·

44 668 47 676 '
138 649 211 719 cant
230 658 407 730 argumentis
427 673 556 715 caream:
581 672 677 730 neque
702 656 842 730 temporis
861 657 991 714 universi
1009 659 1138 716 conditio

139 752 273 810 criticam
291 749 452 819 fabularum
470 747 670 804 recensionem
689 747 848 818 flagitabat.
887 749 972 825 Quod
996 765 1055 816 una
1073 767 1138 807 eum
1247 761 1251 770 '

138 840 312 901 Aristarcho
331 856 349 896 a
368 839 470 896 Proolo
489 841 674 912 memoratur,
690 837 752 906 jam
770 837 845 894 nihil
862 838 949 894 valet.
988 840 1138 896 Verrrmta-

137 948 210 990 men
229 930 255 988 si
274 947 361 1005 quam
379 929 578 1003 Praxiphancs
602 928 635 984 in
657 927 786 984 Hesiodo
810 928 909 1000 posuit
933 944 1053 1002 operam
1077 930 1138 986 ani·
1166 995 1171 998 ,

138 1022 367 1096 madvcrtimus,
393 1020 499 1078 deinde
524 1020 550 1076 si
575 1019 697 1076 aliorum
721 1017 995 1094 Peripateticorum,
1021 1022 1054 1075 ut
1072 1019 1138 1076 Ari·

139 1113 272 1188 stotolis,
291 1111 480 1186 Dicaearchi,
507 1112 631 1168 formose
651 1109 742 1166 etiam
760 1109 931 1180 Hieronymi
945 1103 1006 1190 m)
1032 1103 1139 1168 similia

140 1218 343 1276 comparamus
362 1200 469 1275 studia,
488 1199 702 1272 Praxiphancm
719 1199 808 1256 eiiam
827 1199 865 1256 ad
883 1200 1039 1276 Tragicos,
1059 1204 1138 1258 corte

113 1277 118 1284 ¹
142 1293 183 1350 ad
202 1292 373 1367 Sophoclem
396 1321 436 1334 -
458 1305 526 1348 nam
552 1289 589 1346 de
613 1289 733 1362 reliquis
758 1289 830 1346 certi
855 1289 1014 1364 quidquam
1037 1278 1141 1363 nequit
1199 1293 1202 1296 ’

142 1383 360 1458 extricari,.-
384 1379 446 1438 sive
471 1379 643 1436 didascalias
668 1379 812 1452 consuluit
837 1379 899 1436 sive
925 1397 975 1438 eas
999 1381 1139 1456 neglexit,

142 1474 315 1544 argumenta
334 1461 485 1543 scripsisse
504 1475 645 1543 perquam
669 1471 702 1525 iit
720 1469 886 1530 verisimile.
926 1471 1057 1536 Quacum
1075 1473 1138 1528 tan·

142 1564 211 1622 dem
229 1579 319 1636 opera
338 1561 364 1618 si
383 1561 581 1634 componimus
601 1559 742 1616 scholium
760 1559 832 1618 illud
850 1560 1056 1637 Sophocleum,
1078 1560 1140 1632 jam

140 1653 350 1729 philosophum
372 1651 448 1713 ultra
472 1651 641 1730 historicam
665 1653 753 1724 atque
784 1651 974 1709 acsthcticam
997 1652 1139 1725 interpre-

141 1744 225 1802 tandi
242 1743 386 1800 rationem
404 1757 589 1815 progressum
613 1756 673 1797 non
701 1757 782 1816 esse,
813 1741 1001 1799 confidentius
1021 1745 1139 1800 conten-

104 1825 110 1838 ’
143 1833 215 1892 dere
234 1833 373 1892 dehemus
386 1826 457 1908 Μ).
477 1863 517 1876 ·-
534 1833 573 1888 Ei
590 1830 790 1903 Praniphancs
815 1831 944 1888 omnium
968 1833 1078 1905 primus
1096 1832 1140 1888 vi-

144 1923 230 1982 detur
248 1921 338 1978 tuisse
356 1920 408 1993 qui
426 1919 459 1977 in
477 1920 605 1992 siugrdas
625 1921 774 1994 Sophoclis
800 1921 912 1978 rabulas
932 1923 1045 1993 justum
1063 1938 1139 1980 com-

143 2010 493 2083 mentariumscripserit.
1193 2029 1199 2034 ·

218 2121 265 2176 De
305 2101 543 2198 Asclepiadis
592 2101 823 2200 Τιαγλλαιιολο
876 2118 1139 2206 Τραγῳδουμααν

144 2231 232 2288 opere
252 2213 361 2271 clarum
380 2216 426 2270 est
446 2215 609 2272 casauboni
624 2215 783 2286 judicium:
801 2217 870 2275 Noli
889 2216 1021 2274 dubitare
1040 2215 1139 2273 Ascle·

144 2305 240 2379 piadis
262 2299 503 2382 Τραγῳδοόμενα
527 2309 680 2378 poetarum
704 2308 878 2379 tragicorum
902 2302 1037 2382 ἓγκόκλια
1056 2321 1142 2378 argus

144 2399 254 2454 menta.
267 2398 297 2452 et
321 2411 423 2453 omnes
451 2396 577 2466 tragicas
605 2397 716 2455 heroici
745 2399 884 2472 temporis
911 2398 1047 2455 historias
1073 2413 1139 2454 esse

64 2519 70 2530 ·
139 2487 335 2558 complexum.
375 2485 536 2557 scripserat
561 2490 592 2551 ct
615 2491 790 2546 Demaratus
816 2490 933 2564 quidam
953 2481 1139 2566 Τραγῳόοό»
1192 2531 1195 2536 .
1226 2556 1229 2562 ,

46 2619 50 2628 ,
145 2593 219 2652 μενοι
248 2573 379 2645 ejusdem
407 2575 507 2648 procul
542 2576 631 2635 dubio
666 2581 856 2652 argumenti.”
885 2611 923 2624 -
950 2576 1139 2653 Asclepiades

90 2711 93 2716 ι
146 2697 345 2716 m

146 2780 239 2859 φάνης
258 2773 339 2838 δοκεῖ
356 2775 477 2856 ἄμεινον
497 2775 688 2854 ἀποδιδόναι,
708 2779 824 2844 ἀκούων
843 2782 877 2844 τό
897 2779 1055 2858 ὑπόδημα,
1076 2775 1138 2842 οἷον
1191 2827 1197 2838 i
1233 2831 1238 2836 .
1325 2810 1328 2815 ·

23 2874 26 2880 '
144 2871 204 2929 τῶν
221 2863 326 2928 ποδῶν
344 2866 379 2927 τό
398 2870 550 2947 κάλυμμα.
1159 2863 1162 2872 ’

209 2961 271 3024 1le
287 2961 425 3018 Plutarch.
442 2965 505 3014 Non
520 2975 605 3024 posse
620 2975 697 3021 suar,
716 2963 770 3016 vir.
787 2977 846 3017 sec.
863 2963 973 3027 Epicur.
991 2967 1027 3016 X.
1043 2979 1068 3029 p
1080 2965 1137 3022 5⁰9,

144 3049 251 3102 fleishs
284 3036 380 3112 οὕτως
403 3039 554 3121 hipponen
579 3041 756 3123 Ἐπίκουρον
778 3047 829 3104 καλ
846 3040 1069 3126 Μιτρόδιορον,
1095 3044 1137 3116 ὡς

142 3129 337 3210 Ἀριστοτέλη
356 3133 407 3190 καλ
427 3130 626 3211 Θεόφραστον
649 3137 700 3194 καλ
720 3135 942 3214 Ὶεραλιομογ
958 3138 1011 3194 καλ
1028 3135 1138 3196 Δικαί-

146 3239 237 3297 αρχον
255 3217 285 3276 οἱ
308 3223 379 3300 περὶ
401 3221 507 3301 χορῶν.
525 3223 610 3299 λόγοι
634 3227 684 3282 καλ
703 3221 954 3284 διδασκαλίαι
971 3227 1022 3282 καλ
1039 3222 1078 3282 τὰ
1097 3220 1133 3284 δι’

147 3309 245 3368 αὐλῶν
262 3309 461 3386 προβλήματα
479 3313 540 3372 κτλ.
559 3321 705 3385 xylander
733 3321 832 3390 nertii:
865 3319 1086 3388 „disputationes
1108 3325 1138 3373 et

148 3407 289 3460 doctrinae
306 3406 340 3457 de
357 3405 479 3460 cuorus
506 3412 637 3482 ,Rankim
654 3407 787 3474 conjecta
805 3400 835 3460 oi
853 3403 921 3478 περι
935 3400 1036 3479 χορῶν
1053 3400 1139 3475 λόγοι

147 3491 195 3548 και
214 3483 423 3548 διδασκαλιῶν.
442 3521 481 3536 -
500 3499 630 3552 oetermr
647 3502 680 3552 de
698 3511 783 3565 opere
794 3497 957 3562 Hieronymi
974 3497 1137 3550 didascalico

147 3581 209 3635 nihil
226 3583 343 3634 constat.
359 3601 392 3620 -

210 3663 273 3730 ila)
290 3663 379 3716 Alter
395 3664 498 3715 sentire
515 3663 625 3716 videtur
645 3675 767 3716 srrmmus
783 3663 938 3716 Lolechius
960 3664 994 3715 ad
1011 3663 1138 3728 sophon.

148 3743 224 3813 siaa
240 3759 267 3804 v,
284 3748 328 3813 si,
340 3745 428 3810 'quum
445 3758 508 3797 euru
525 3757 579 3798 uua
597 3759 657 3800 cum
674 3748 790 3810 Didymo
814 3745 919 3810 Pioqnc
940 3749 1139 3806 commemoret,

149 3830 201 3882 seu
218 3829 253 3880 ab
270 3832 388 3894 utroque
405 3831 435 3880 ct
452 3829 582 3894 temporis
598 3832 686 3896 spatio
705 3836 734 3882 et
749 3827 858 3882 raucus
874 3826 1069 3914 interpretandi
1085 3829 1137 3883 ui·
1156 3827 1157 3832 ’

150 3921 208 3962 rma
225 3913 356 3975 sumntum
372 3913 467 3966 distat.
1088 3943 1092 3958 .
