2790 4712
520 385 727 468 437..

120 585 208 648 esse,
228 583 340 626 summo
349 565 415 638 jnre
428 564 587 638 conjiceres
600 558 655 644 ··).
695 561 925 637 Sed-quidquid
937 560 1122 637 accipiemus,

118 677 286 738 possumus
304 658 394 716 etiam
422 658 451 714 h.
470 657 490 713 l.
512 654 656 728 duplicem
673 652 836 710 fabularum
860 652 1060 712 recensionem
1085 652 1123 710 ab

83 753 206 827 ipsis
224 747 319 825 poetis
344 750 505 823 profectam
528 753 588 802 non
612 759 678 800 esse
704 743 911 800 demonstrare
955 742 1076 799 Etenim
1096 743 1123 800 si

121 843 188 918 ipsi
213 843 318 916 poetae
342 839 454 896 tabulas
478 836 524 895 bis
543 836 591 892 vel
608 834 718 908 pluries
737 832 883 891 docendas
903 847 1018 916 semper
1040 833 1125 889 noris

121 932 337 992 additamentis
356 932 444 1002 atque
462 924 734 1000 interpolationibus
751 925 951 999 renovassent,
970 911 1126 996 appareret

121 1025 234 1098 opinor
252 1025 304 1080 aut
321 1021 444 1094 primam
464 1018 623 1076 editionem
641 1031 659 1072 a
678 1013 813 1120 secunda,
834 1015 990 1072 secundam
1009 1012 1126 1070 atertia

122 1131 197 1172 esse
222 1113 397 1170 exstinctam
420 1110 483 1166 sive
508 1109 597 1181 poeta
621 1108 740 1163 curante
760 1103 824 1161 sive
842 1105 957 1162 delente
977 1109 1125 1178 temporcp

122 1207 181 1262 aut
200 1204 365 1275 Lycurgum
383 1215 438 1274 pro
456 1198 578 1256 arbitrio
595 1195 675 1254 imm
693 1195 874 1270 neglexisse,
897 1195 975 1252 lianc
999 1210 1070 1250 vero
1094 1193 1126 1248 in

125 1294 279 1368 publicum
304 1291 432 1350 cimtetm
457 1288 621 1361 exemplum
644 1287 808 1360 recepisse3
837 1288 888 1341 aut
913 1301 930 1340 e
954 1283 1044 1340 variis
1068 1281 1125 1346 illis

126 1383 309 1442 editionibus
329 1380 520 1454 compositam
532 1377 569 1434 ab
580 1394 616 1434 co
626 1392 691 1434 esse
703 1376 878 1447 singularem
890 1389 1010 1448 eamque
1020 1387 1127 1431 noram

126 1474 275 1548 tabulam3
306 1475 357 1528 aut
381 1470 506 1542 denique
524 1484 626 1526 omnes
645 1465 776 1538 ejusdem
800 1466 925 1524 nominis
950 1464 1125 1536 argumenti·

125 1579 188 1638 que
217 1562 329 1620 tabulas
360 1559 535 1632 coniunctim
562 1558 594 1616 in
617 1557 696 1614 idem
721 1556 847 1614 civitatis
872 1556 1036 1630 exemplum
1060 1571 1125 1612 esse

125 1653 328 1726 transcriptas.
366 1651 517 1724 liquibus
535 1647 678 1729 ἀπορίαις
694 1663 838 1722 quaenam
862 1647 933 1723 tibi,
958 1647 1009 1720 qui
1030 1645 1124 1720 dupli-
1152 1674 1156 1684 ‹

126 1740 331 1802 ces'deiendis
349 1741 546 1817 recensiones,
565 1740 689 1814 probata
708 1735 786 1796 eritl
821 1739 953 1796 Proiecto
964 1739 1042 1795 nulla
1061 1737 1125 1820 opi·

127 1847 186 1890 nor
203 1832 262 1888 nisi
281 1847 316 1888 ea
335 1834 480 1890 servatam
497 1831 588 1887 luisse
607 1833 760 1902 utramque
777 1827 993 1906 recensionem,
1018 1831 1125 1884 utrum·
1157 1863 1165 1876 ·

128 1939 188 1998 que
207 1922 240 1977 in
258 1921 406 1994 publicum
425 1921 589 1994 exemplum
607 1923 763 1993 receptam
784 1919 843 1977 Sed
854 1935 973 1993 prorsus
992 1905 1126 1977 omnibus

128 2023 268 2082 'curemus
283 2011 401 2068 disertis
419 2010 612 2068 testimoniis:
632 2025 666 2067 ac
685 2012 793 2067 ilustra
804 2025 976 2086 quaeremus
987 2012 1126 2067 retractu·

129 2107 180 2162 tae
198 2099 366 2174 tragoediae
392 2102 552 2174 specimina
570 2101 618 2156 vel
636 2101 805 2171 fragmenta.
835 2087 929 2158 ‘Nunc
951 2085 1023 2157 'vero
1047 2099 1126 2155 nullo
1161 2133 1163 2138 ,

129 2193 223 2250 verbo
242 2191 365 2266 dicitur,
391 2193 496 2248 collata
515 2207 580 2248 csse
594 2189 681 2259 jussu
706 2190 831 2262 Lycurgi
857 2190 970 2266 singula
995 2187 1128 2262 exempla

130 2285 157 2340 sl
188 2299 263 2356 quae
293 2282 475 2356 privatorum
501 2281 631 2338 virorum
660 2280 794 2344 inissent:
842 2280 934 2338 Immo
963 2280 1127 2352 Lycurgum

130 2389 234 2432 eumve
258 2373 309 2446 qui
333 2373 481 2446 publicum
505 2371 704 2446 apographum
723 2372 873 2428 curaverit
891 2374 1005 2429 tantum
1029 2387 1126 2428 exem·
1175 2379 1180 2392 '

126 2465 195 2539 pla,
220 2478 296 2536 quae
315 2463 352 2520 ab
370 2463 444 2536 ipsis
463 2463 570 2537 pectis¹
585 2461 646 2518 sive
672 2461 775 2519 saltem
798 2462 929 2536 ipsorum
953 2460 1126 2520 auctoritate
1187 2517 1200 2528 ,,

131 2555 262 2612 coniecta
291 2556 375 2628 sunt,
413 2569 432 2609 a
460 2555 546 2624 gente
574 2551 704 2628 illorum,
735 2568 830 2626 aqua
849 2552 1054 2630 servabantur,
1073 2553 1126 2609 im·

132 2645 262 2720 petresse
277 2657 453 2715 persuasum
471 2643 574 2699 habeo.
606 2643 718 2708 Quodsi
736 2647 816 2700 recte
834 2645 908 2701 haec
926 2641 1078 2714 conjecero
1089 2641 1126 2699 da

120 2733 233 2800 „muca
249 2732 420 2794 recensione
438 2731 567 2789 nondum
585 2735 683 2806 potest
702 2749 797 2791 sermo
815 2750 890 2790 esse.
928 2733 1126 2807 Apographou

132 2824 220 2896 igitur
238 2839 350 2880 summa
370 2838 427 2896 qua
443 2823 507 2880 fieri
526 2823 622 2897 potuit
640 2824 696 2880 flde
710 2826 873 2881 coniectum
886 2827 932 2882 est
943 2840 1001 2882 una
1022 2825 1126 2897 opinor

133 2911 196 2974 eum
214 2912 422 2972 additamentis
447 2913 504 2970 illis
529 2916 618 2986 atquc
642 2914 916 2988 interpolationibus
940 2913 1124 2990 histrionum,

133 3169 183 3226 rori
197 3164 347 3246 Ἤγγίννν)
359 3166 536 3227 τελεσθεῖσα
548 3164 675 3248 δὲπαρά
687 3167 748 3228 τῶν
758 3167 1013 3247 Περιπατητικῶν,
1032 3169 1125 3250 Πρα-

69 3323 75 3336 ,
137 3253 273 3364 ξιρνίνρνς
291 3251 477 3334 (Bellkerust
493 3256 544 3329 Ἐξ
526 3256 684 3342 ξιφνὶνανς)
702 3277 732 3317 τε
751 3259 802 3316 καὶ
815 3257 1052 3335 Ἀριστοτέλους.
1075 3263 1126 3317 acl

138 3345 184 3419 τῆς
201 3343 257 3422 μὲν
280 3347 362 3417 τέλος
385 3344 421 3406 τὸ
440 3367 472 3406 εν
460 3341 716 3424 ἀναγινώσκειν,
741 3349 792 3421 τῆς
816 3341 907 3408 δὲ
874 3369 909 3406 τα
930 3341 962 3406 εὖ
989 3345 1124 3426 γράφειν.

136 3437 190 3490 cir.
206 3437 233 3488 J.
252 3435 380 3488 Classen.
403 3441 437 3490 de
448 3440 643 3504 grammaticae
660 3425 780 3508 graecae
797 3437 1122 3506 prenominatam

136 3521 210 3606 eqd,
225 3519 260 3571 71
279 3519 495 3574 al.Wclckerus
510 3523 796 3576 tumultuantes.
813 3523 835 3572 l.
854 3537 880 3585 p
890 3521 940 3573 iti
951 3537 992 3586 sq.
1009 3523 1038 3572 ct
1054 3533 1126 3586 quos

137 3603 223 3654 laudat
238 3605 357 3668 uterque
374 3608 486 3656 veteres
503 3605 667 3669 scriptores.
694 3605 763 3668 Quis
779 3603 951 3667 ticxipiranes
967 3603 1064 3672 tuerit,
1080 3604 1124 3655 in-

137 3689 304 3825 ιιγριρηραιι
322 3703 402 3756 quea
436 3692 580 3748 weicheri
603 3691 770 3751 emendatio·
806 3677 970 3796 Θεαγένους
994 3703 1125 3758 perquam

138 3781 217 3835 prou
264 3779 347 3826 sest.

196 3855 241 3918 te)
258 3856 300 3910 De
315 3857 442 3921 pluribus
459 3861 589 3927 exemptis
605 3857 774 3928 singularum
790 3855 944 3950 tabellarum
955 3859 1038 3922 cusu
1048 3859 1125 3930 Gry·

110 4009 115 4022 ,
139 3949 187 3992 aar.
203 3938 343 4006 cogitati.
360 3941 379 3994 1.
397 3957 423 4008 p.
441 3943 466 3993 7.
563 3947 568 3954 ·
